2468 3888
88 856 354 956 oLAvDH
378 859 632 957 RVTILII
648 859 1047 960 NAMATIANI

398 1065 452 1123 un
475 1065 626 1124 nnnrrv
649 1063 725 1125 svo

352 1230 517 1305 LIBER
554 1229 771 1305 PRIMVS.

405 1567 531 1632 Desunt
552 1568 718 1659 nonnulla.

89 1718 236 1786 Velocem
257 1721 366 1804 polius
387 1721 525 1786 reditum
547 1721 718 1805 mirabere,
741 1722 856 1805 lector,

124 1804 204 1870 Tem
227 1805 291 1870 cito
307 1805 471 1870 Romuleis
492 1828 586 1891 posse
609 1828 715 1871 carere
736 1806 840 1872 bonis.

88 1886 167 1963 Quid
189 1891 325 1976 longum
346 1893 416 1955 tolo
438 1890 574 1955 Romam
597 1892 823 1957 venerantibus
846 1893 949 1958 aevo?

123 1973 180 2040 Nil
201 1997 355 2059 umquam
376 1974 557 2060 longumst‚
580 1976 666 2059 quod
688 1977 758 2040 sine
778 1977 843 2040 fine
865 1977 979 2060 placed.

86 2057 112 2122 0
153 2063 246 2124 ualer
268 2063 300 2124 et
322 2060 471 2142 quoliens
494 2082 561 2124 non
583 2064 632 2124 est
652 2081 820 2124 numerare
842 2063 969 2146 beatos,
1028 2075 1045 2124 5

124 2081 223 2209 liasci
243 2143 332 2208 felici
354 2145 409 2228 qui
430 2166 574 2208 meruere
597 2144 681 2210 solo!

87 2225 144 2302 Qui
164 2228 385 2295 Romanorum
406 2251 575 2313 procerum
596 2250 752 2314 generosa
772 2249 917 2376 gropago

123 2312 309 2399 Ingenitum
331 2315 495 2380 cumulant
516 2313 604 2378 urbis
626 2314 750 2378 honore
794 2317 882 2378 ecus!

87 2393 210 2463 Semina
234 2399 389 2464 virtutum
410 2399 547 2464 demissa
568 2403 601 2463 et
621 2398 740 2463 tradita
761 2398 848 2464 caelo

124 2481 200 2549 Non
220 2487 354 2566 potuere
376 2484 447 2548 aliis
469 2483 597 2570 dignius
619 2505 687 2548 esse
709 2483 796 2548 loeis.
1012 2500 1044 2546 10

85 2563 203 2633 Felices
225 2569 337 2651 etiam,
360 2569 415 2653 qui
436 2569 583 2652 proxima
604 2590 738 2634 munera
758 2569 871 2652 primis

124 2651 237 2718 sortiti
259 2652 368 2718 Latias
390 2654 557 2736 optinuere
580 2653 700 2720 domos.

85 2731 260 2824 Relligiosa
280 2742 370 2821 polet
390 2738 579 2824 peregrinae
601 2739 690 2803 curia
710 2738 812 2822 laudi3

124 2819 191 2887 Nec
212 2826 306 2906 putat
327 2827 491 2907 externos,
514 2845 594 2907 quos
616 2823 707 2888 decet
728 2844 796 2886 esse
817 2845 901 2888 suos.

85 2903 209 2972 Ordinis
231 2908 367 2992 imperio
390 2909 648 2994 collegarumque
669 2907 822 2972 fruuntur
1011 2921 1043 2970 15

122 2990 165 3056 Ee
186 2995 312 3076 perlem
334 2991 444 3076 Genii,
467 3015 562 3077 quem
584 2996 793 3076 uenerantur,
815 2992 946 3058 habent.

84 3070 180 3146 Quale
203 3098 262 3160 per
284 3077 444 3142 aetherios
466 3077 621 3142 mundani
643 3077 771 3141 uerticis
793 3099 867 3142 axes

124 3158 304 3226 Concilium
325 3163 441 3226 summi
464 3162 620 3227 credimus
642 3183 710 3226 esse
731 3161 802 3227 Dei.

85 3243 127 3306 At
147 3267 219 3310 mea
241 3245 364 3310 dilectis
385 3247 516 3312 fortuna
538 3246 703 3311 revellitur
725 3248 803 3331 oris,

123 3326 376 3416 indigenamque
398 3355 492 3396 suum
514 3331 638 3397 Gallica
658 3353 734 3395 rura
755 3336 881 3396 vocant.
1010 3345 1046 3393 20

84 3407 143 3475 Illa
186 3415 293 3501 uidem
314 3416 421 3501 longis
442 3417 579 3481 nimium
600 3416 756 3480 deformia
777 3415 885 3499 bellis,

126 3436 188 3562 Sed
209 3522 306 3584 quam
328 3505 419 3586 grata
440 3502 561 3585 minus,
585 3504 652 3566 tam
674 3500 854 3566 miseranda
874 3501 986 3586 magis.

131 3634 189 3674 Nu
191 3645 301 3676 eeeee
826 3625 839 3672 l
