2474 3886
471 227 495 276 x
514 228 649 278 ter-sue
1001 227 1041 293 ῃ

142 376 258 442 Uritur
272 377 342 460 ipse
354 375 469 441 Creon.
499 396 598 460 rogus
613 379 662 440 est
676 397 750 440 mox
764 377 839 440 aula
852 377 991 460 tyranni.

141 461 327 545 Diffugiunt
343 481 456 525 omnes
469 459 583 543 populi
598 460 905 541 commeministi,

142 545 326 610 Saltantum
341 545 453 630 fugere
469 544 569 609 chori.
598 566 676 608 nam
690 543 773 608 festa
788 548 939 609 canentes

143 630 295 693 Ambusti
310 629 451 693 lamenta
465 633 584 694 sonant
597 649 657 693 nec
674 632 688 692 t
742 649 828 711 pana
840 629 955 714 plausu

74 727 130 775 525
141 713 346 795 Percutiunt,
362 713 417 777 sed
431 713 527 778 turba
541 733 673 799 gemens
711 713 764 778 inc
778 712 853 777 inde
867 713 1004 778 lacertos

141 796 300 863 Uerberat
315 801 348 862 et
361 798 474 862 flentes
489 797 626 863 sednon
641 819 700 861 sua
713 797 828 861 funera
841 797 1011 882 plangunt.

142 881 256 948 Stabat
271 882 341 946 sola
354 902 475 946 nocens
489 881 626 946 necdum
640 881 756 946 satiata
770 881 916 946 sacerdos

140 963 174 1030 N
176 988 211 1030 ec
227 987 338 1032 secura
351 969 476 1030 temen:
498 988 675 1050 numquam
690 966 735 1030 sic
749 987 843 1049 posse
858 987 984 1031 uenena

142 1049 287 1116 Credidit
300 1055 356 1116 aut
370 1051 518 1134 precibus
531 1054 659 1116 tantum
675 1051 795 1114 seruire
809 1050 943 1115 furores.

75 1149 131 1198 530
142 1133 207 1200 Sed
220 1139 391 1218 postquem
406 1135 492 1200 solos
508 1156 588 1218 quos
602 1135 740 1199 iusserat
752 1135 838 1220 ignis
852 1134 989 1219 adussit,

141 1219 234 1282 Tunc
248 1222 342 1284 natos
357 1218 533 1283 furibunda
552 1220 679 1303 premit.
710 1241 786 1283 nam
800 1219 978 1285 Mermerus
993 1220 1039 1284 in-

787 1325 862 1368 sons

140 1387 186 1450 nt
200 1385 333 1451 Feretus
347 1391 483 1452 matrem
497 1387 616 1451 blanda
630 1387 750 1483 pietate
766 1387 935 1451 uocabant.

141 1469 189 1535 Ut
202 1471 347 1535 flammas
362 1472 465 1536 uitare
481 1475 615 1554 queant,
631 1469 771 1536 infantia
785 1471 921 1554 simplex

141 1553 269 1618 Affectu
285 1556 368 1638 petit
380 1555 451 1640 ipsa
464 1576 576 1619 necem
591 1556 644 1620 uel
659 1558 774 1638 sponte
788 1555 908 1639 pericle

72 1651 127 1702 535
141 1637 275 1714 Quaerit
289 1640 398 1723 inops,
413 1661 545 1723 passura
560 1661 670 1704 necem
686 1661 840 1706 mucrone
855 1641 1012 1724 parentis,

139 1723 157 1788 I
204 1722 252 1786 ari
266 1745 349 1806 quae
363 1729 466 1788 mater
480 1727 549 1788 erat
563 1723 640 1808 quid
655 1746 751 1788 saeua
764 1728 904 1807 pararet.

140 1808 1040 1958 ittet-ttttttttttttttttttttttffl

140 1976 234 2039 Luna
249 1974 345 2040 decus
359 1978 480 2060 noctis,
496 1942 627 2061 Furiee',
643 1977 853 2061 Proserpina,
868 1943 1004 2042 Plutori:

74 2073 128 2122 540
140 2059 262 2141 Accipe
278 2058 333 2124 sol
348 2061 476 2125 radians
491 2062 629 2143 animas,
645 2066 681 2126 tu
697 2083 832 2144 corpora
846 2061 940 2126 Luna

141 2143 173 2208 N
175 2145 350 2209 utrimenta
364 2144 505 2230 animae,
520 2145 629 2209 fundit
643 2167 738 2229 quem
753 2167 863 2209 mucro
880 2165 1025 2210 cruorem

141 2227 265 2292 Sumite
280 2250 338 2293 uos
353 2228 484 2313 Furiae,
500 2229 605 2294 noctis
621 2251 678 2292 rex
695 2229 804 2325 exigat
817 2228 955 2293 umbras.
1055 2243 1086 2292 [r.
1100 2241 1135 2292 9⁵]

141 2311 280 2395 Spiritus
295 2313 330 2377 in
346 2317 461 2378 uentos
526 2314 604 2378 satis
620 2317 668 2377 est
681 2334 813 2396 pumsse
827 2318 981 2378 nocentes

140 2395 355 2480 Insontesque
371 2398 475 2462 simul.
506 2398 640 2463 miseros
654 2397 717 2462 hoe
732 2419 808 2461 ense
822 2397 945 2462 uecabo

74 2495 127 2544 545
143 2480 214 2556 Quo
230 2482 359 2566 genitor
372 2481 536 2547 feriendus
550 2487 633 2566 crat,
648 2482 731 2546 nihil
746 2482 817 2566 ipsa
832 2481 946 2546 dolebo

142 2563 178 2630 Si
193 2566 321 2650 ingrate
335 2570 464 2631 maneat
477 2567 586 2631 nullus
602 2567 640 2631 de
655 2571 751 2652 gente
767 2569 954 2650 superstes)

140 2649 230 2714 Haec
245 2651 291 2714 ait
305 2654 337 2715 et
352 2652 498 2735 geminos
513 2673 579 2716 uno
594 2653 690 2715 simul
704 2673 780 2716 ense
795 2655 935 2715 nouerca

142 2733 314 2819 Transegit
328 2757 454 2818 pueros.
482 2757 563 2818 quos
578 2737 623 2800 sic
637 2736 788 2819 portabat
801 2734 841 2799 ad
857 2756 963 2799 arcem
983 2772 1020 2782 -

140 2815 188 2881 Ut
201 2840 350 2901 proceres
364 2819 473 2884 uidere
489 2819 594 2903 nefas,
613 2821 748 2884 timuere
763 2823 928 2883 cruentam

146 3008 196 3056 530
215 3005 305 3056 redusit
373 3009 422 3057 531
441 3005 601 3073 Mermerus]
618 3023 699 3072 supra
717 3011 822 3062 alteram
833 3023 846 3056 r
858 3009 958 3056 literam
975 3022 1042 3058 crue

68 3076 146 3140 picta
164 3082 203 3123 est
270 3076 319 3124 532
335 3075 458 3132 ,terentes
482 3083 540 3126 unte
563 3089 661 3125 uersum
684 3091 750 3125 macc
767 3076 923 3139 conspicitur
992 3075 1041 3124 533

69 3145 161 3208 queat
179 3156 247 3191 corr.
267 3140 364 3192 Buect.
433 3144 483 3194 534
500 3149 558 3206 post
576 3157 672 3192 necem
689 3145 782 3208 tepitur
799 3157 927 3192 mucrone
946 3155 1042 3206 paron-

68 3209 112 3259 tis
131 3209 180 3258 sed
197 3216 350 3272 expunctum
401 3212 451 3261 535
469 3216 528 3273 post
545 3225 639 3260 necem
656 3213 748 3275 tepitur
762 3209 807 3260 uel
823 3215 919 3280 sponte
936 3206 1043 3270 pericla

67 3295 123 3344 sed
143 3299 296 3356 eupunctum
370 3294 420 3344 538
442 3295 481 3343 Af
502 3295 541 3344 Ac
565 3295 640 3344 fatur
659 3293 664 3358 Ι
684 3308 780 3360 perseo
802 3285 909 3364 miffltre
949 3295 1042 3356 persto

67 3375 205 3427 ministre
221 3391 247 3442 p·
282 3380 445 3440 corruptelae
462 3385 523 3428 nota
539 3381 626 3428 ceretu
640 3380 762 3442 praefixa
780 3384 817 3427 est
885 3377 935 3426 543
953 3390 1043 3426 uersus

68 3445 206 3495 eccidisse
223 3445 325 3494 uidetur
340 3453 401 3507 post
418 3446 546 3496 inuentos
559 3463 706 3510 qzramquam
723 3448 749 3495 in
761 3446 848 3494 codice
866 3447 957 3495 lacuna
975 3446 1043 3494 nulla

68 3519 113 3562 est
129 3510 134 3576 1
150 3511 221 3561 satie
240 3509 292 3573 est]
308 3512 372 3574 fort.
392 3513 476 3563 satiet
544 3514 593 3563 546
611 3517 716 3563 meuret
