2474 3886
503 221 528 268 v
545 222 662 272 ee-nr
1025 218 1064 282 13

121 383 155 434 85
172 370 316 436 Crimina
330 371 524 452 temnentur,
538 367 696 450 fortisque
711 367 747 434 in
760 388 901 452 paupere
916 368 1006 432 diues

165 454 250 530 Quid
264 453 359 518 timet
373 455 430 516 aut
444 456 535 535 optet
551 473 609 516 uos
624 452 732 516 saltim
746 451 903 516 aduertite
919 454 1020 516 ciues:

163 539 228 604 Res
243 541 293 602 est
306 536 398 601 nulla
412 536 500 600 domi
513 537 622 620 cupiat
637 557 733 619 quem
749 535 838 601 diues
853 557 983 619 auarus,

163 622 241 688 Non
256 643 370 686 aurum
384 642 452 685 non
466 642 594 705 gemma
608 621 746 702 micans,
762 625 795 684 et
809 619 911 702 turpis
926 626 1050 705 egestas

166 705 300 771 Obsedit
314 705 423 768 ieiuna
436 704 532 769 force.
563 703 695 768 audacia
710 704 820 769 forsan

115 805 150 853 ec
164 791 319 874 Pauperis
334 789 484 853 horretur
497 810 539 854 ne
555 789 635 852 clam
651 789 838 852 temerarius
853 792 964 853 exstet.

165 874 300 950 Quando
315 873 415 957 fugax
429 876 653 956 praesumptus
669 873 730 937 erit
745 874 797 937 uel
809 873 922 938 debilis
938 873 1064 938 audax?

166 959 199 1024 N
200 981 252 1023 em
267 959 294 1022 si
308 957 403 1022 fortis
419 961 488 1022 erat
502 979 597 1021 saeua
611 957 731 1022 uirtute
747 959 913 1041 superbus,

165 1042 323 1122 Praemia,
337 1063 406 1106 non
420 1042 549 1106 ueniam
564 1045 687 1125 peteret
701 1042 760 1106 sub
775 1041 869 1106 hoste
884 1064 1022 1106 reorum.

167 1125 259 1201 Quod
273 1125 356 1189 nihil
372 1126 502 1190 admisit
517 1127 638 1190 crimen
653 1127 708 1190 dat
721 1148 822 1210 praua
837 1127 987 1191 uoluntas

115 1223 149 1271 95
165 1211 286 1276 Diuitis
300 1210 432 1276 insonti.
461 1209 553 1274 furor
568 1214 616 1274 est
630 1210 771 1275 uoluisse
785 1232 900 1276 necare

165 1295 230 1360 Pro
243 1295 358 1377 quibus
374 1316 462 1359 arma
473 1293 557 1358 tulit.
582 1293 659 1376 quid
672 1296 804 1376 prodest
812 1294 931 1377 pellere
944 1295 1066 1359 bellum

166 1379 200 1444 si
215 1383 345 1442 reuocat
359 1381 434 1462 post
450 1377 534 1442 bella
547 1377 663 1442 neces?
686 1382 743 1441 aut
755 1383 850 1461 pacta
864 1377 1004 1442 nefanda
1093 1407 1095 1410 ·

166 1463 322 1527 Hostibus
338 1463 509 1527 obstrictus
525 1466 632 1526 seruat
647 1463 702 1546 qui
717 1462 841 1526 ciuibus
856 1463 956 1526 instat

167 1546 214 1611 Ut
227 1551 371 1630 pereant,
387 1551 443 1610 aut
457 1547 526 1630 ipse
542 1547 632 1629 eupit
645 1547 748 1631 magis
764 1568 832 1610 esse
846 1551 1002 1630 tyrannus

102 1644 154 1693 100
169 1629 302 1696 (linibus
317 1630 466 1694 extinctis
482 1630 613 1694 credens
629 1653 687 1694 sua
702 1638 779 1695 uota
793 1631 902 1698 latere.

166 1713 202 1780 si
216 1715 342 1800 iugulet
355 1715 489 1780 miseros
503 1715 623 1779 iniusta
636 1719 740 1780 morte
755 1717 899 1780 necando

167 1798 339 1883 Suspectus
356 1820 563 1883 quoscunque
578 1803 687 1882 putet,
703 1791 786 1862 nihil
801 1821 879 1884 ergo
891 1799 1066 1884 relinquet:

167 1883 285 1948 Omnia
299 1888 375 1946 sunt
390 1889 545 1967 suspecta.
575 1905 647 1948 reos
661 1885 689 1947 si
703 1884 846 1948 moribus
861 1889 945 1948 esset

166 1968 226 2031 Ille
240 1968 344 2032 bonus
352 2017 360 2049 ,
376 1989 503 2032 seruare
517 1968 589 2050 pios
604 1989 732 2032 seruare
746 1969 908 2032 modestos

101 2064 152 2114 105
168 2052 331 2116 Debuerat
346 2053 404 2115 sub
419 2073 497 2134 paee
512 2073 585 2134 sua,
600 2074 669 2116 non
682 2052 766 2116 oolla
781 2053 941 2116 nefandus

85 2193 88 2198 .
166 2138 236 2200 Aut
248 2136 453 2202 inimicorum
467 2135 578 2199 mallet
592 2136 712 2200 fudisse
727 2157 887 2219 cruorem,

169 2218 313 2294 Quorum
328 2222 427 2304 uerba
440 2241 563 2304 pauens
579 2219 667 2282 diues
682 2219 815 2283 uixisset
829 2219 974 2283 honeste.

170 2303 224 2368 Sic
238 2305 365 2388 sapiens
380 2305 459 2368 olim
471 2303 618 2368 Romana
631 2303 777 2386 potentia
791 2303 885 2368 iussit

168 2387 219 2453 Ne
234 2392 344 2474 pereat
360 2388 521 2473 Carthago
536 2409 658 2452 nocens
672 2387 804 2452 inimica
819 2389 948 2452 senatus

104 2486 157 2535 110
171 2471 215 2538 Et
228 2473 342 2556 populi
356 2473 554 2556 Aeneadum,
570 2477 674 2538 cotem
689 2472 819 2536 uirtutis
833 2471 1023 2536 habendam.
1082 2485 1112 2533 [r.
1126 2485 1160 2535 1⁴]

169 2555 232 2621 Sed
245 2579 287 2622 ne
302 2556 495 2640 Troiugenis
509 2579 569 2640 per
581 2561 728 2640 tempora
741 2558 836 2640 pigra
850 2556 977 2620 lacertis

169 2640 347 2724 Torporem
360 2663 424 2724 pax
438 2641 538 2726 longa
553 2642 656 2724 daret,
677 2646 753 2723 post
766 2642 853 2704 uicta
867 2641 995 2704 rebellis

169 2723 213 2789 nt
227 2729 418 2808 consumpta
432 2725 529 2788 simul
544 2726 642 2790 iacuit
656 2728 809 2806 congesto
822 2726 933 2788 ruinis.

168 2808 213 2872 Et
226 2813 335 2872 tamen
346 2808 425 2874 haec
436 2814 592 2874 renouata
602 2808 823 2892 micatquibus
836 2809 953 2873 oceidit
963 2813 1068 2872 armis.

102 2904 156 2956 115
170 2891 259 2958 Haec
274 2893 374 2977 igitur
388 2893 529 2957 recidiua
544 2894 634 2977 uiget
648 2897 723 2976 post
737 2893 832 2956 busta
846 2913 1016 2978 resurgens

169 2977 342 3042 Phoenicis
356 2979 392 3041 in
406 2999 538 3042 morem.
565 2979 668 3041 uirtus
684 2978 854 3041 elementia
867 2980 1004 3061 patrum.

169 3060 218 3123 'Pu
233 3061 324 3125 testis
340 3061 503 3145 Carthago
518 3083 628 3126 manes
643 3063 748 3125 inuita
762 3062 948 3148 nolensque.

173 3300 206 3347 86
225 3299 325 3350 saltrin
394 3302 427 3350 89
447 3299 559 3348 audatia
628 3302 661 3349 ol
679 3300 752 3360 Quid
769 3302 771 3354 Ι
788 3316 872 3364 parua
890 3299 1068 3352 conducet.

71 3376 75 3380 ’
102 3366 138 3418 9ἵ
160 3365 237 3416 seire
255 3371 341 3416 uocat
411 3371 460 3418 100
478 3368 592 3416 extiutis
663 3369 709 3417 101
729 3367 869 3417 necandos
887 3383 955 3416 corr.
972 3365 1069 3418 Buecle.

104 3435 157 3482 103
176 3448 240 3482 reos
256 3431 286 3482 ui
303 3435 436 3485 mortibus
454 3451 522 3485 corr.
543 3433 639 3484 Buerlz.
718 3437 767 3484 104
790 3435 875 3485 bonos
893 3450 962 3487 corr.
973 3434 1070 3485 Buect.

105 3502 156 3550 10⁷
175 3499 310 3552 honestae
381 3504 429 3552 109
448 3498 680 3566 Necthartago
764 3559 772 3580 ι
