2468 3888
497 203 669 260 SERENVS.
1023 198 1074 265 45'

108 367 189 434 1975
203 388 273 451 sqq.
303 364 477 449 Septimius
499 365 607 431 docuit
621 387 686 450 quo
700 366 784 431 ruris
799 367 953 450 opuscula
973 367 1066 450 libro,

104 453 164 519 hoc
186 472 304 538 genere
325 450 455 516 adsidue
483 450 607 516 cecinit.
651 472 771 535 ponere
792 473 896 536 pauca
916 453 997 517 mihi
1018 458 1069 518 sat

105 539 174 602 erit.
218 536 269 603 Ex
290 535 476 602 Terentiani
498 535 639 601 carmine
660 539 698 601 ut
717 537 870 621 pleraque
890 537 993 621 petita
1012 537 1068 604 ha-

104 624 158 688 bet
178 621 288 687 eadem
309 620 431 686 Marius
453 620 641 687 Victorinus
661 641 716 707 pg.
741 622 800 686 177
823 622 862 704 G,
883 621 940 687 ubi
961 623 1068 688 minus

102 709 183 772 bene
206 707 325 792 legitur
346 704 458 770 ‘dum'
481 727 541 789 pro
565 711 682 790 ‘cum’,
703 710 736 771 et
757 705 871 770 ‘mihi'
894 729 954 791 pro
977 707 1067 771 ‘mi'.

104 792 226 858 Versus
247 792 278 857 3.
300 792 322 854 4
343 812 383 855 ex
404 790 537 856 alterius
558 790 708 856 carminis
728 791 888 875 principio
911 792 1039 875 sumpti.

103 877 132 942 2.
372 896 446 940 rure
467 875 577 959 puella
597 880 695 962 vagat
716 876 831 941 viride.

166 960 199 1026 N
200 961 293 1110 ffiius
315 981 369 1046 pg.
384 960 446 1025 467
470 982 494 1026 a.
509 983 540 1024 v.
556 981 654 1046 vagas
675 983 735 1045 pro
757 961 894 1047 vagaris.
931 959 1068 1026 Serenus

103 1071 121 1111 ο
145 1068 201 1112 uso
249 1069 274 1110 s.

103 1069 144 1197 37
212 1131 347 1215 pingere
369 1129 588 1194 collibitumst.
617 1129 806 1215 graphidem
828 1130 910 1198 date.
932 1131 1069 1215 promite

711 1214 933 1281 chromatium.

168 1298 342 1365 Diomedes
363 1318 417 1385 pg.
438 1299 502 1364 516
524 1297 636 1364 Sereni
657 1298 745 1364 aliud
766 1300 831 1365 tale
853 1304 915 1365 est:
937 1301 1070 1385 pingere

103 1407 129 1450 e.
146 1407 178 1470 q.
199 1407 224 1450 s.
246 1422 288 1434 -
311 1385 456 1468 superius
478 1405 604 1449 comma
624 1388 673 1449 est
692 1387 915 1450 tetrametrum
935 1384 1070 1450 heroum

105 1493 143 1535 ex
166 1470 341 1554 superiore,
362 1469 522 1552 posterius
536 1489 661 1534 comma
675 1473 724 1534 est
737 1468 905 1534 dimidium
926 1469 1069 1554 elegiaci.

103 1593 146 1604 -
161 1554 398 1620 ‘chromatium'
414 1553 535 1638 scripsi,
556 1575 653 1652 quam
672 1552 767 1619 facile
789 1555 894 1639 patiar
912 1555 1071 1620 coniectu-
1119 1631 1124 1641 ,

103 1663 174 1706 ram
195 1638 315 1723 potiori
337 1637 461 1723 cedere3
485 1638 673 1704 ‘volemum’
696 1638 766 1704 cdd.
865 1705 867 1708 ,

102 1726 133 1790 4.
374 1722 558 1808 labiumque
580 1724 707 1810 insigne
729 1723 867 1788 revellit.

167 1807 296 1874 Nonius
318 1830 343 1873 a.
358 1831 388 1873 v.
412 1808 533 1874 labium
553 1829 607 1895 pg.
619 1808 698 1874 210:
720 1807 859 1876 Serenus
880 1808 916 1874 in
938 1831 1071 1893 opuscu-

103 1895 155 1960 lis.
178 1932 221 1943 -
244 1893 463 1977 ‘labiumque'
485 1892 565 1977 edd,
589 1893 800 1978 ‘lariumque’
824 1893 892 1958 cdd.
908 1931 951 1944 -
966 1892 1071 1970 Quan-

104 1985 177 2044 tum
199 1978 240 2044 ad
260 2000 338 2061 rem,
361 1977 401 2042 cf.
424 1977 504 2042 Hor.
527 1999 553 2042 c.
575 1977 601 2060 I,
626 1978 675 2061 13,
699 1979 833 2043 11-15,

102 2066 133 2130 5.
376 2061 539 2127 culicellus
560 2062 682 2126 amasio
704 2061 826 2127 Tullus.

169 2146 342 2213 Diomedes
368 2168 431 2296 pgr
444 2147 523 2228 513,
546 2147 602 2230 qui
622 2169 646 2211 n
748 2145 842 2212 affert
863 2145 901 2210 de
924 2147 986 2212 hoc
1008 2169 1071 2213 me-

104 2237 168 2298 tro.
213 2231 364 2299 ‘Tullae'
433 2231 669 2315 emsdorfius,‘
738 2232 784 2296 le'
808 2254 838 2295 v.

104 2320 135 2384 6.
376 2316 473 2382 callet
493 2317 619 2382 senium
640 2320 708 2381 arte
729 2314 870 2382 bibendi.

170 2401 202 2468 N
204 2402 298 2467 onius
319 2421 373 2487 pg.
388 2401 468 2468 257:
490 2402 586 2467 callet
606 2401 768 2487 significat
789 2401 850 2466 seit
870 2439 913 2448 -
935 2399 1073 2466 Serenus

105 2490 143 2553 in
164 2509 183 2552 o
207 2486 335 2552 usculis.
350 2526 393 2535 —
416 2487 534 2552 ‘callet’
551 2485 748 2552 Genevensis
769 2486 851 2551 liber
872 2507 945 2550 cum
965 2487 1073 2571 priore

104 2510 226 2658 lugd,
249 2571 390 2638 ‘callent’
414 2570 519 2636 Guelf.
542 2571 698 2637 ‘bibendi'
719 2571 842 2655 Iunius,
866 2570 1019 2636 ‘vivendi’
1041 2595 1072 2636 v.

105 2661 124 2722 7
390 2655 557 2722 distractos
579 2661 676 2740 atque
697 2655 833 2743 sallitos]

129 2707 137 2723 ⁶
170 2741 274 2808 Fuere
296 2741 352 2824 qui
373 2656 453 2806 laec
474 2741 572 2806 verba
593 2762 674 2825 quae
697 2742 849 2828 leguntur
870 2763 921 2825 ap.
943 2740 1072 2807 Diome-

107 2826 181 2892 dem
203 2846 257 2913 pg.
280 2825 358 2909 372,
381 2848 454 2892 cum
475 2824 594 2892 Severo
621 2825 781 2910 adscripta
802 2829 909 2892 essent
929 2848 949 2891 a
970 2847 1074 2912 gram-

106 2911 236 2996 matico,
259 2907 379 2976 Sereno
401 2914 515 3060 poetae
529 2910 700 2976 tribuenda
721 2933 789 2976 esse
811 2915 986 2996 censerent,
1001 2911 1073 2976 sub-

105 3000 212 3062 tracta
232 2994 380 3080 equidem
420 3046 429 3080 ,
456 3000 494 3061 ut
518 2995 757 3080 paroemiarum
784 2999 967 3080 aequarent.
1011 2993 1073 3062 Sed

108 3081 160 3146 illi
181 3103 278 3166 quam
305 3079 403 3166 longe
424 3103 444 3144 a
464 3102 541 3146 vero
568 3081 750 3146 aberrarint
776 3084 813 3146 ut
833 3081 929 3165 plene
951 3080 1074 3146 intelle-

109 3169 206 3252 gatur
226 3164 363 3314 legenda
384 3187 466 3314 <puae
487 3165 655 3232 adnotavit
674 3165 800 3231 Keilius
821 3165 842 3230 l.
865 3187 907 3230 m.

111 3253 142 3316 8.
215 3271 251 3315 ce
274 3271 294 3314 ο
315 3253 434 3316 testua
454 3251 532 3316 trite
552 3251 637 3316 solo!
660 3271 717 3316 cor
737 3251 784 3316 iet
803 3250 864 3315 tibi
885 3271 943 3334 per
965 3271 1073 3334 specu-

619 3335 702 3419 lum,
724 3334 865 3419 Panope.

173 3418 347 3486 Diomedes
367 3439 422 3506 pg.
444 3419 522 3485 511:
544 3420 780 3505 anapaesticus,
802 3419 919 3505 quiex
939 3419 1074 3504 pedibus
1214 3483 1215 3486 ,

109 3505 291 3590 anapaestis
320 3509 460 3588 constat,
487 3505 562 3570 talis
590 3505 699 3572 estin
727 3503 856 3570 Serene.
890 3541 932 3552 -
960 3503 1072 3570 ‘cedo’
