2468 3888
460 193 567 247 LIBER
588 192 731 248 PRIMVS.
1043 187 1084 250 15

109 362 257 424 Aversor
278 356 442 440 scopulos,
465 355 573 420 damni
595 360 804 421 monumenta
824 359 975 424 recentis:

156 443 305 508 Perditus
327 441 380 506 hic
401 441 475 506 vivo
497 441 611 505 funere
633 441 710 505 civis
732 445 809 506 erat.

109 528 236 594 Noster
257 527 344 592 enim
364 547 469 609 nuper
489 526 615 593 iuvenis
637 527 811 590 maioribus
833 527 963 612 amplis,
1056 563 1059 576 ·

157 612 227 678 Nec
249 633 346 676 censu
367 611 503 675 inferior
525 611 716 696 coniugiove
738 612 860 695 minor,
1029 625 1081 675 520

109 697 275 780 impulsus
295 695 404 778 furiis,
426 695 574 760 homines
596 700 761 780 terresque
782 696 926 780 reliquit,

155 783 201 847 Et
220 785 349 865 turpem
369 781 526 845 latebram
548 780 693 845 credulus
716 781 789 844 exul
810 781 885 846 adit.

108 867 231 932 Infelix
252 869 346 950 putat
366 865 477 930 illuvie
499 866 648 930 caelestia
668 865 771 949 pasci,

148 950 261 1035 'Seque
282 950 400 1034 premit
420 950 515 1015 laesis
538 951 663 1015 saevior
684 951 753 1035 ipse
775 949 852 1014 deis,

109 1036 206 1119 Non,
229 1056 324 1120 rogo,
347 1034 486 1100 deterior
508 1034 627 1100 Circeis
650 1039 737 1099 secta
757 1035 913 1102 venenis?
1030 1048 1081 1098 525

155 1121 246 1185 Tunc
268 1121 476 1184 mutabantur
497 1141 647 1203 corpora,
673 1141 760 1184 nunc
782 1121 891 1184 enimi.

108 1205 193 1270 Inde
214 1205 419 1270 Triturritam
440 1205 596 1288 petimus:
619 1205 664 1268 sic
686 1204 764 1268 villa
785 1210 932 1289 vocatur,

157 1290 245 1366 Quae
266 1291 330 1355 late
353 1290 493 1372 expulsis
514 1289 621 1354 insula
641 1311 743 1372 paene
765 1288 866 1354 fretis.

108 1375 261 1460 Namque
282 1397 381 1438 manu
403 1375 521 1438 iunctis
542 1373 687 1458 procedit
708 1374 744 1438 in
766 1395 906 1457 aequora
926 1375 1025 1458 saxis,

5 1511 6 1520 ,
157 1459 283 1544 Quique
306 1458 436 1524 domum
458 1461 580 1542 posuit,
603 1458 747 1523 condidit
768 1463 842 1523 ante
864 1459 977 1524 solum.
1027 1473 1079 1522 530

109 1545 311 1630 Contiguum
333 1545 442 1627 stupui
463 1548 608 1627 portum,
631 1565 727 1628 quem
740 1543 828 1608 fama
841 1543 1026 1628 frequentat

176 1629 324 1694 Pisarum
345 1629 489 1712 emporio
513 1629 696 1713 divitiisque
717 1629 823 1693 maris.

108 1715 198 1778 Mira
217 1715 281 1779 loci
301 1713 409 1778 facies.
453 1713 574 1800 Pelago
596 1714 766 1798 pulsantur
787 1717 898 1797 aperto

5 1811 6 1816 ’
153 1799 257 1883 Inque
280 1819 390 1863 omnes
412 1802 527 1864 ventos
549 1800 645 1864 fitora
665 1799 752 1864 nuda
773 1803 901 1882 patent:

104 1885 188 1950 Non
209 1884 294 1948 ullus
316 1883 438 1968 iegitur
458 1905 517 1967 per
536 1884 668 1948 brachie
688 1887 760 1948 tute
780 1905 937 1967 recessus,
1029 1898 1079 1946 535

154 1969 285 2033 Aeolias
306 1968 409 2052 possit
430 1969 486 2050 qui
507 1969 678 2052 prohibere
700 1969 819 2032 minas:

106 2053 175 2120 Sed
195 2059 329 2137 procera
350 2075 408 2117 suo
430 2053 627 2137 praetexitur
649 2053 722 2136 alga
743 2051 921 2135 profundo,

154 2138 297 2202 Molliter
319 2138 458 2202 offensae
479 2159 547 2202 non
568 2137 716 2202 nocitura
736 2138 813 2220 rati3

104 2224 285 2288 Ettemen
307 2223 436 2287 insanas
458 2221 598 2287 cedendo
620 2221 786 2306 interligat
808 2220 925 2304 undas,

147 2303 223 2372 Neo
246 2307 324 2372 sinit
345 2329 384 2371 ex
406 2307 471 2371 alto
494 2307 615 2392 grande
637 2306 789 2371 volumen
810 2305 872 2390 egl.
1029 2321 1080 2371 540

105 2393 271 2476 Tempora
291 2391 414 2477 navigii
436 2391 539 2456 clarus
560 2394 764 2476 reparaverat
783 2391 903 2456 Eurus:

155 2475 217 2542 Sed
239 2477 319 2540 mihi
341 2476 529 2542 Protadium
550 2479 653 2543 visere
676 2498 751 2541 eura
771 2476 850 2560 fult3

107 2563 214 2639 Quem
236 2562 292 2646 qui
313 2561 398 2626 forte
420 2562 499 2627 velit
521 2563 615 2628 certis
637 2583 829 2648 cognoscere
852 2561 967 2644 signis,

153 2647 292 2713 Virtutis
314 2646 477 2730 specimen
499 2647 593 2712 corde
614 2648 722 2712 videre
743 2650 849 2731 putet:

105 2731 180 2796 Nee
201 2731 305 2816 magis
327 2731 445 2820 efficiet
467 2732 604 2796 similem
625 2733 750 2817 pictura
772 2732 893 2812 colore,
1029 2745 1080 2794 545

155 2814 258 2892 Quem
280 2837 361 2900 quae
384 2816 422 2880 de
444 2817 568 2880 meritis
590 2817 691 2882 mixta
711 2817 816 2901 figura
837 2815 936 2879 venit.

106 2900 306 3050 Aspicienda
326 2903 438 2985 procul
462 2905 548 2965 certo
570 2901 741 2986 prudentia
761 2900 869 2982 vultu,

181 3005 332 3070 ormaque
356 2986 496 3050 iustitiae
519 2986 720 3070 suspicienda
740 2985 846 3050 mieat.

107 3070 161 3137 Sit
181 3070 317 3134 fortasse
339 3071 463 3154 miuus,
486 3071 513 3135 si
535 3071 643 3136 laudet
664 3070 772 3136 Gellia
793 3071 911 3134 cIvem:

153 3155 257 3220 Testis
279 3155 383 3220 Roma
394 3156 454 3219 'sui
474 3157 630 3239 praesulis
653 3177 721 3220 esse
743 3159 858 3240 potest.
1027 3169 1078 3217 550

108 3240 285 3306 SubstituIt
306 3241 419 3324 patriis
441 3241 615 3306 medioeres
637 3241 772 3306 Vmbria
794 3239 897 3304 sedes:

152 3324 266 3391 Virtus
288 3324 453 3390 fortunam
474 3325 552 3390 feeit
573 3330 740 3410 utramque
762 3346 880 3409 parem.

105 3409 204 3475 Mens
225 3410 346 3474 invicta
368 3410 429 3474 viri
450 3433 509 3493 pro
533 3411 658 3495 magnis
681 3432 780 3494 parva
800 3412 925 3490 tuetur,

152 3495 217 3559 Pro
239 3495 347 3578 parvis
369 3495 476 3559 animo
499 3515 618 3579 magna
638 3494 727 3559 fuere
749 3516 817 3559 suo.
