2474 3886
478 202 546 250 viu
563 203 697 252 ras-489
1030 199 1074 264 45

174 353 260 428 Quas
276 373 371 436 super
386 352 539 434 accipiter
552 351 694 416 uolitans
713 351 821 435 grauis
836 351 984 414 imminet
998 351 1072 416 ales.

173 437 264 502 Tune
279 437 391 501 sollers
407 457 510 520 augur
526 441 630 500 cretus
646 435 684 499 de
699 439 796 520 gente
811 435 964 518 Melampi

108 535 160 584 460
175 521 277 596 Quem
292 521 359 585 fors
375 519 415 584 ad
431 519 572 603 Cyprum
587 519 717 584 dederat
731 541 789 602 per
803 519 886 584 festa
900 518 1039 603 dierum,

173 605 218 670 Et
232 607 277 669 sio
293 627 384 669 orsus
399 606 445 669 ait
458 626 671 688 prorumpens
686 625 765 668 uooe
779 605 908 688 sagacis

174 689 237 754 ‘Te
253 690 396 754 oblatiua
410 693 525 772 petunt
539 690 648 753 auium
662 709 817 772 responsa
832 688 1016 752 uolantum:

176 773 359 838 Conubium
374 773 535 856 spondent
548 773 755 857 praefulgens
771 795 825 836 ore
841 772 956 837 decoro

171 843 293 922 idaliae
307 858 455 922 uolucres
462 907 470 940 ,
489 857 527 922 de
542 863 638 942 gente
653 858 810 922 Tonantis
826 857 931 922 olores

107 955 160 1006 465
173 943 372 1007 Promittunt
386 943 543 1028 genitam,
559 943 614 1006 sed
629 943 747 1006 miluus
762 942 894 1006 horrida
907 943 994 1006 fata

173 1026 259 1094 Ditis
275 1027 360 1091 enirn
377 1029 522 1114 signatur
537 1028 620 1110 auis,
636 1027 713 1090 lieet
725 1027 807 1091 hora
820 1030 951 1110 peraeta

175 1112 285 1176 Tertia
300 1112 419 1195 quippe
434 1112 520 1176 sinat
534 1111 666 1176 Phoebo
681 1111 837 1176 candente
853 1111 1018 1175 uolucrem

174 1195 262 1260 Uera
276 1217 334 1279 per
348 1197 540 1260 immensum
555 1197 722 1280 praesagia
734 1196 818 1260 ferre
833 1217 991 1278 rapacem.

174 1280 310 1344 Martius
326 1281 477 1364 accipiter
493 1280 600 1344 dotem
614 1281 684 1344 fera
697 1281 782 1344 bella
797 1281 968 1344 minatur’.

108 1377 162 1426 470
175 1365 266 1430 Tune
280 1364 371 1430 Paris
387 1366 427 1428 ad
440 1365 563 1428 eaelum
576 1363 712 1428 tendens
728 1386 799 1428 oum
815 1364 937 1426 lumine
952 1363 1074 1446 palmas

174 1448 318 1514 Numina
332 1470 451 1534 magna
461 1453 558 1514 uooat
595 1470 707 1512 uerum
718 1452 917 1530 matremque
929 1447 1074 1513 Dionen:

176 1536 302 1597 ‘Aurea
316 1533 431 1598 siderei
446 1534 552 1616 proles
568 1473 679 1598 benus
694 1534 779 1598 alma
794 1532 951 1599 Tonantis

176 1617 321 1681 Numina
335 1618 424 1681 mille
439 1622 568 1700 tenens,
585 1623 669 1682 artes
684 1619 735 1682 oui
749 1618 838 1682 mille
852 1616 985 1682 fauendi

177 1701 243 1766 Dat
257 1708 347 1784 pater
362 1706 395 1766 et
409 1706 504 1766 natus
520 1703 649 1786 supplet
662 1703 773 1786 simul,
790 1702 899 1768 omina
914 1702 1006 1765 firma

106 1797 160 1848 475
175 1785 263 1862 Quae
278 1808 396 1869 oyonus
411 1787 567 1872 genitoris
582 1788 664 1872 agit,
681 1809 761 1870 quae
777 1791 884 1852 uestra
899 1787 1047 1850 columba
1080 1802 1110 1852 [n.
1123 1799 1157 1846 ⁵⁷]

175 1870 331 1936 Prodidit.
362 1871 521 1935 infaustos
538 1893 618 1955 opus
635 1875 684 1936 est
699 1872 848 1935 cohibere
863 1871 1006 1952 uolatus,

176 1955 290 2018 Martis
305 1961 338 2019 et
352 1955 472 2020 infami
487 1957 634 2020 uolucres
650 1957 789 2039 raptoris
805 1957 947 2020 obuneas

175 2042 291 2123 Augur
305 2061 497 2104 auerrnnoes
512 2041 625 2122 saurir,
642 2042 757 2123 quibus
772 2041 909 2123 imperat
924 2043 1037 2104 auctor

177 2123 292 2188 Troius
307 2125 362 2188 ille
376 2147 457 2208 puer
473 2123 673 2208 Ganymedes
688 2126 836 2189 eonditor
851 2124 929 2188 artis

108 2220 163 2282 480
175 2207 220 2272 Et
232 2207 341 2272 Pelles
356 2210 407 2273 oui
422 2211 524 2292 pinna
538 2209 656 2291 loquax
672 2208 726 2272 dat
740 2229 834 2272 nosse
849 2207 982 2286 futura!

176 2292 284 2356 Pauca
297 2298 444 2376 precatus
460 2297 529 2357 erat
543 2294 678 2377 supplex
693 2296 726 2356 et
740 2291 861 2375 templa
875 2291 1004 2357 subibat

178 2375 332 2441 Uestibus
347 2377 478 2442 indutus
493 2378 599 2462 Tyriis
613 2382 647 2441 et
661 2379 782 2442 murice
796 2376 898 2460 regni.

178 2459 356 2526 Uersioolor
367 2463 511 2546 chlamys
527 2464 598 2546 ipsa
609 2462 672 2526 fuit
682 2483 779 2546 quam
795 2482 939 2610 purpura
948 2458 1078 2544 fulgens

178 2543 379 2610 Flammabat
394 2546 508 2610 diffusa
524 2547 680 2629 humeris,
696 2547 780 2610 hano
819 2546 895 2609 bula
909 2545 1043 2610 mordax

111 2629 290 2714 4851ungit
305 2635 338 2694 et
352 2637 484 2706 ornatus
499 2632 609 2694 iuueni
624 2632 697 2715 plus
711 2630 862 2694 admouet
877 2652 990 2694 aurum

179 2713 250 2786 Quo
267 2713 419 2780 distincta
433 2717 531 2780 micat
544 2716 674 2780 radians
692 2737 750 2798 per
764 2715 903 2778 stamina
917 2713 1025 2778 uestis.

180 2795 295 2862 Cetera
309 2801 405 2863 turba
419 2821 525 2864 eomes
540 2800 683 2884 Phrygio
699 2801 861 2863 suooinota
875 2797 988 2862 decore

179 2881 348 2967 Fulgebat.
379 2884 510 2948 delubra
525 2889 638 2968 petens
654 2884 789 2947 intrauit
804 2883 844 2947 ad
859 2905 930 2946 aras

170 2965 294 3030 ⁴Pastor
309 2973 342 3032 et
355 2969 391 3031 in
406 2990 473 3032 sese
489 2973 678 3033 eunotorum
694 2969 817 3032 lumina
831 2968 944 3032 uertit:

179 3225 230 3272 460
247 3227 301 3274 sine
320 3225 395 3274 dnbio
408 3225 514 3274 Paridis
532 3227 679 3274 mentionem
697 3229 741 3290 qui
756 3227 856 3281 fecerat
874 3239 963 3273 uersas
981 3223 1079 3270 cncidit

108 3293 163 3340 463
184 3290 354 3342 Conuubium
411 3293 598 3342 ‘471Dionem
655 3289 974 3342 dllomniaoorr.IM
1027 3291 1078 3340 476

109 3358 239 3408 Proddit
262 3377 329 3410 corr,
348 3359 435 3408 Boset
467 3377 496 3408 nr.
516 3361 554 3409 rb.
633 3361 683 3410 478
709 3361 800 3423 Augur
823 3359 985 3406 aberrantes
1009 3372 1077 3407 corr.

96 3425 225 3486 aeeon
284 3429 335 3476 479
359 3429 514 3490 ganiiuedes
588 3430 638 3478 483
663 3430 747 3476 Persa
771 3426 866 3475 clamis
890 3441 958 3475 corr.
982 3423 1078 3476 Bueclz.

111 3510 146 3542 m,
164 3494 204 3541 rt.
262 3497 312 3544 485
331 3494 457 3575 admonet
479 3492 557 3544 aurei
575 3511 642 3545 corr.
664 3496 681 3543 I
684 3495 717 3542 M
773 3496 823 3544 486
843 3493 921 3554 Quod
940 3509 1008 3543 corr.
1027 3493 1082 3542 IM
