2474 3886
142 205 165 270 4
565 204 684 256 11111

158 369 192 418 60
207 355 364 420 Iudicium
379 354 504 418 Paridis
518 354 571 417 uel
585 358 728 436 nostros,
744 355 834 436 nate,
850 353 1033 435 triumphos

209 439 386 504 (laniarent
399 438 515 502 fluidae
531 441 698 521 carpentes
713 459 813 521 pense
827 436 963 520 puellae.

207 523 268 588 Est
276 524 421 670 gemitus
436 522 516 586 haec
531 543 626 586 causa
641 522 714 585 mei.
746 543 825 604 quas
839 542 897 584 ure
913 520 1040 607 sagittis

211 607 275 673 Oor
297 630 316 671 a
331 607 384 672 uel
398 607 527 670 illarum
542 605 627 669 dulci
642 606 795 690 continge
814 626 957 670 ueneno:

209 691 355 756 Noscant
370 690 446 775 quid
461 690 503 754 sit
517 711 617 773 amor,
633 689 757 754 discant
771 693 828 752 tua
842 690 908 753 tela
917 691 1053 770 puellae.

162 789 194 838 oo
209 775 332 840 Alcidis
348 796 453 839 comes
469 778 517 838 est
532 795 638 838 comes
653 774 830 857 puerilibus
845 773 939 838 annis

211 859 314 934 Quem
328 860 427 922 rubor
442 862 478 923 ut
492 880 603 922 roseus
618 861 663 927 sic
680 858 799 922 candor
812 857 934 922 lacteus
950 862 1062 941 ornat,

209 943 263 1006 illi
277 964 458 1027 purpureus
472 942 569 1006 niueo
584 946 676 1006 natat
689 943 775 1026 ignis
790 941 825 1005 in
840 963 910 1006 ore:

67 1047 134 1098 [11]
211 1026 283 1090 Hoc
297 1048 398 1110 puero
414 1027 483 1091 uiso
498 1025 724 1110 Nympharum
739 1027 835 1090 turba
849 1027 994 1090 calescat.

210 1111 299 1175 Haec
312 1111 377 1175 illis
394 1111 436 1175 sit
449 1132 556 1194 poena
570 1132 691 1175 nocens
705 1115 742 1174 ut
756 1114 834 1174 uota
848 1109 1018 1174 trahantur

162 1209 195 1258 70
209 1195 357 1279 Ipsarum
371 1196 406 1258 in
422 1195 557 1280 longum
572 1194 673 1259 donec
688 1195 842 1278 pubescat
856 1197 1007 1258 amatus'

167 1313 172 1320 ·
210 1279 284 1343 Ibat
297 1279 402 1343 adhuc
417 1281 453 1342 in
467 1280 567 1343 uerba
581 1279 673 1343 dolor
687 1279 723 1342 ni
737 1278 889 1362 pinniger
903 1278 1006 1342 audax

212 1363 389 1428 Dimittens
404 1366 539 1428 matrem
554 1363 717 1428 fricuisset
732 1368 803 1428 eote
818 1362 963 1447 sagittas.

211 1451 300 1512 Arcu
315 1449 439 1514 cinctus
454 1452 537 1531 erat,
553 1447 672 1511 dantur
684 1451 759 1529 post
772 1451 864 1531 terga
878 1447 1049 1531 pharetrae

212 1533 341 1614 Accipit
355 1536 388 1597 et
401 1533 546 1595 flammas
566 1530 735 1595 hominum
751 1531 923 1614 diuumque
938 1531 1106 1612 uoluptas.

165 1629 197 1676 11
212 1615 333 1680 Euolat
347 1619 500 1678 armatus.
531 1614 586 1677 uix
602 1614 726 1678 caelum
742 1613 881 1699 liquerat
895 1615 961 1680 ales

213 1700 345 1780 Iamque
360 1702 450 1762 tenet
463 1702 581 1761 terras:
605 1697 650 1761 sic
665 1699 766 1763 currit
779 1699 897 1763 mentis
911 1719 1057 1764 acumen.

215 1781 261 1846 Ut
276 1782 367 1845 uenit
381 1781 422 1845 ad
436 1781 577 1864 fontem,
592 1782 730 1864 lapidem
748 1783 885 1866 proiecit
898 1783 933 1846 in
947 1781 1060 1846 undas.

216 1865 386 1931 Concussit
401 1866 504 1929 uitreo
520 1865 645 1929 sonitus
660 1867 719 1932 sub
734 1866 825 1931 fonte
839 1866 972 1949 puellas,

214 1949 363 2014 Exiliunt
377 1955 525 2030 cunctae,
541 1954 700 2031 quaerunt
714 1972 795 2033 quae
811 1972 907 2014 causa
926 1949 1051 2034 quietas

165 2048 198 2096 80
216 2033 383 2098 Sollicitet.
412 2032 544 2097 uolucer
558 2032 687 2118 fugiens
704 2055 818 2098 nemus
833 2034 934 2098 intrat
949 2049 1109 2118 opacum,

216 2117 357 2202 Moxque
373 2116 423 2181 dei
438 2117 548 2181 uultus
564 2118 699 2182 uestiuit
712 2119 819 2203 imago
834 2117 962 2201 Naidis,

217 2201 335 2266 Tendit
348 2204 491 2267 membra
505 2224 586 2286 puer
600 2201 717 2289 longos
732 2207 769 2268 ut
783 2207 905 2268 crescat
919 2204 954 2266 in
970 2205 1061 2267 artus

215 2286 263 2352 Ut
276 2288 380 2371 possit
394 2288 554 2370 complere
570 2287 661 2351 dolos
677 2310 714 2352 ac
728 2288 814 2351 iussa
826 2287 969 2369 parentis

217 2371 342 2436 Glauco
356 2371 453 2455 pedes
468 2372 598 2436 fluitans
613 2372 712 2434 uestis
727 2371 853 2434 laxatur
867 2371 907 2433 ad
922 2371 1019 2453 imoS,

166 2469 199 2518 85
219 2453 363 2520 Candida
378 2453 485 2516 diffusi
499 2453 615 2519 ludunt
653 2475 687 2518 er
701 2452 784 2518 colla
798 2454 908 2537 capilli

216 2537 261 2601 Et
276 2540 375 2600 uento
390 2537 550 2619 crispante
566 2476 668 2623 grarlu
683 2559 775 2604 coma
788 2538 923 2602 fluctuat
938 2541 1023 2618 1111,

217 2621 321 2684 Frons
335 2619 457 2684 nudata
472 2619 563 2686 decet
577 2621 681 2686 diuiso
696 2622 821 2707 fulgida
835 2624 937 2704 crine,

179 2733 181 2740 ¹
216 2704 261 2770 Et
277 2704 366 2768 uelut
380 2705 501 2769 inuitos
517 2726 644 2790 gressus
658 2707 847 2790 pudibunda
861 2707 1013 2771 mouebat

217 2788 373 2853 Incedens
388 2789 539 2872 fluxoque
553 2790 657 2854 latent
671 2792 730 2854 sub
744 2790 888 2875 tegmine
902 2791 1031 2874 pinnae.

168 2885 202 2935 90
216 2871 433 2957 Misceturque
448 2894 528 2957 puer
542 2872 704 2957 Nymphis
719 2875 778 2938 sub
793 2875 900 2939 fronte
914 2873 1041 2958 puellae

217 2956 262 3022 111
276 2977 387 3020 causas
405 2958 565 3041 perquirit
579 2960 682 3022 Amor
696 2980 753 3023 cur
766 2959 857 3023 fonte
872 2959 985 3024 relicto

218 3040 333 3105 Terras
348 3045 442 3106 cauta
456 3042 553 3126 petit,
569 3041 675 3107 facilis
689 3043 742 3107 cui
756 3044 852 3108 turba
866 3043 979 3108 fluenti

222 3215 254 3263 62
283 3212 394 3277 genitus
416 3229 485 3266 corr,
508 3213 604 3264 Bueeh.
690 3217 724 3265 64
745 3215 849 3266 Noscat
874 3217 1036 3278 corruptelae
1060 3221 1129 3266 nota

155 3282 242 3332 111111
266 3285 420 3346 praeposita
506 3281 539 3332 65
566 3279 671 3348 comes]
699 3282 798 3332 florens
824 3285 865 3332 uel
890 3282 981 3332 mollis
1008 3283 1129 3334 conicias

154 3349 188 3396 71
205 3347 263 3397 Iret
280 3364 349 3399 corr.
367 3346 529 3412 111111.Ιυί
549 3349 635 3400 uerba
705 3351 737 3399 73
756 3350 919 3400 Arcucintus
988 3349 1022 3399 74
1040 3349 1129 3400 Acci·

155 3413 215 3478 piet
271 3415 315 3467 ,81
334 3414 528 3479 1111111111
546 3431 663 3466 mensuro
680 3415 785 3466 Naidas
802 3417 854 3467 VII
872 3417 905 3468 36
973 3418 1007 3467 84
1029 3430 1130 3468 comr-

155 3483 241 3543 ptelae
263 3490 325 3532 nota
344 3485 505 3548 1111111111.
539 3486 649 3548 epatium
666 3499 716 3534 non
733 3486 848 3538 relictum
917 3483 950 3534 89
967 3481 1132 3536 1111111111

610 3785 913 3848 ΛΑ
