2474 3886
452 243 477 292 V
494 245 637 293 233-300

127 391 249 456 Diuitis
265 394 375 473 optata
388 391 571 473 praesentia
583 390 713 454 turbida
726 392 839 456 rostris

126 476 281 560 Adparet.
313 471 615 557 conclamat'inops:
633 476 808 540 succurrite
824 475 923 557 oiues,

129 559 219 625 Ciuis
234 558 324 623 adest
340 559 502 623 uiolentus
517 562 609 622 atrox
623 580 695 623 mea
710 559 777 623 fata
791 560 957 642 requirens

130 643 232 719 Quem
246 643 330 706 nihil
342 642 461 707 offendi
475 643 539 706 nisi
550 642 636 726 quod
647 665 718 706 sum
728 664 852 726 pauper
863 645 1027 708 honestus

61 741 115 791 270
130 727 215 793 ane
229 727 328 790 trium
350 726 443 809 halis,
458 726 675 810 metuendum,
690 726 829 810 dextera,
844 727 965 790 ferrum

129 812 168 876 Id
183 811 269 894 quod
283 812 317 874 in
328 750 466 875 12221122
481 812 610 895 iugulos
626 832 664 874 ex
679 812 759 875 urbe
773 811 889 894 tulisti,

129 896 170 960 In
184 896 290 978 patria
304 912 453 960 reuocare
468 896 573 960 uelis?
595 916 636 959 ne
651 895 776 959 uisoera
790 895 903 959 matris

130 979 345 1064 'lbansadigas
359 978 477 1064 gladio,
491 979 611 1044 laceres
625 1001 667 1043 ne
683 982 827 1044 membra
840 979 983 1064 parentis

130 1063 220 1138 Quae
234 1067 267 1127 te
281 1063 458 1146 palmiferis
474 1063 583 1128 docuit
597 1083 786 1128 ooneurrere
800 1064 882 1129 telis.

63 1162 116 1210 275
132 1147 233 1212 Parce
247 1168 371 1230 precor,
387 1148 507 1212 ferrata
521 1169 646 1230 manus,
663 1148 772 1212 oiuilia
786 1148 870 1213 oolla

130 1231 182 1296 Ne
197 1231 293 1295 ferias
309 1253 390 1315 quae
405 1254 515 1297 mucro
530 1237 605 1296 tuus
620 1231 765 1296 defendit
778 1234 818 1296 ab
833 1232 935 1296 hoste.

132 1315 183 1380 Sit
196 1315 301 1400 pudor
315 1319 412 1399 atque
425 1317 518 1380 nefas
533 1317 722 1400 extinguere
737 1316 861 1400 proelia
875 1336 988 1397 eampo

131 1400 177 1464 Et
189 1403 309 1464 mortes
323 1400 498 1464 2122212212
512 1401 594 1468 foro.
626 1401 767 1463 lamenta
781 1400 908 1464 minora
1044 1419 1073 1474 [p.
1086 1421 1120 1473 22

133 1483 300 1549 Credimus
314 1483 435 1566 auditu,
451 1485 544 1550 dolor
557 1488 607 1548 222
620 1506 635 1549 2
659 1488 764 1548 eotare
779 1483 954 1566 uadentem,

65 1583 119 1631 280
134 1567 263 1633 Funera
277 1571 344 1632 siue
360 1569 461 1633 oeulis
475 1571 588 1632 uiuum
602 1507 720 1633 uidisse
735 1568 871 1632 cadauer

133 1651 213 1718 Cum
229 1653 330 1737 gemit
345 1656 377 1716 et
391 1654 531 1718 moriens
545 1653 766 1717 tremibundus
779 1652 919 1736 palpitat
933 1655 1030 1717 artus
1055 1671 1058 1680 ’

133 1735 279 1820 Mugitus
294 1758 375 1820 quos
389 1736 445 1800 1112
460 1737 549 1802 dabit
562 1759 621 1884 per
635 1738 764 1802 moenia
778 1758 909 1819 pauper,

134 1820 217 1885 Ourn
233 1821 331 1904 uulgo
344 1825 508 1904 spectante
524 1843 561 1885 oa
583 1826 624 1905 et,
641 1842 714 1885 oum
728 1821 872 1884 membra
887 1841 999 1884 eruore

133 1903 313 1970 Perfundat
327 1906 528 1990 moribunda,
544 1906 612 1970 solo
627 1927 700 1970 eum
715 1904 841 1969 mordet
855 1925 995 1970 arenam.

66 2003 118 2051 285
130 1988 303 2074 Anguibus
317 1989 509 2072 implicitum
524 1989 632 2054 eredas
647 1988 812 2054 Laooonta
827 1992 1018 2074 gementem.

135 2073 188 2137 Sio
204 2073 294 2138 decet
307 2077 345 2137 ut
358 2073 453 2138 fortis
467 2073 568 2138 lassos
583 2079 619 2138 22
634 2074 723 2138 diues
739 2077 880 2158 egentes,

136 2156 230 2221 Ciues
245 2157 325 2221 21212
340 2179 435 2241 ames,
451 2164 507 2223 aut
522 2159 567 2222 sio
583 2156 764 2221 defenditur
779 2155 915 2220 insons?

136 2239 170 2306 Si
186 2263 299 2305 uooem
313 2242 484 2307 simulacra
498 2243 621 2323 darent,
635 2245 692 2304 tua
706 2240 799 2324 signa
813 2242 967 2385 roffiarent

134 2325 180 2390 112
194 2324 287 2390 dolor
301 2326 363 2390 ista
377 2327 466 2390 daret
481 2326 633 2390 deflendis
648 2325 748 2388 uerba
762 2343 860 2407 quere
876 2323 916 2385 'st

68 2423 122 2471 220
140 2409 219 2474 <Die
233 2411 360 2474 iuuenis
374 2409 474 2493 diues,
489 2411 612 2494 patriae
628 2409 677 2474 dio
692 2407 786 2472 fortis
802 2409 934 2490 amator,

137 2492 171 2558 Si
186 2514 308 2578 pauper
321 2516 395 2558 reus
411 2500 468 2578 est,
483 2499 540 2558 tua
554 2494 632 2579 quid
645 2493 792 2576 peooauit
806 2493 914 2576 imago

137 2576 277 2642 Uirtutis
291 2582 501 2643 monumenta
514 2583 599 2662 tuae,
614 2577 692 2663 quid
705 2578 797 2641 222212
812 2576 973 2640 honorum

137 2661 305 2726 Temnitur
320 2667 352 2726 et
366 2664 489 2746 patriae
504 2661 675 2727 foedantur
689 2661 818 2726 moenia
832 2658 1005 2724 nostrae‘?’

138 2745 226 2810 Haeo
241 2746 484 2811 simulaororum
498 2768 564 2811 uox
579 2750 636 2829 est,
651 2745 837 2829 patriaeque
852 2743 1010 2828 gementis

68 2843 123 2892 202
139 2830 227 2894 Audi
242 2831 342 2894 uerba
355 2835 429 2895 tuae
446 2831 577 2895 ‘merito
592 2835 625 2894 22
640 2830 725 2893 laeta
740 2829 856 2910 oreau'i,

137 2912 302 2978 Infantem
317 2917 439 2999 gremio
456 2915 556 2997 tenui,
572 2913 667 2978 simul
681 2914 781 2977 ubera
794 2933 895 2995 paruo

139 2995 225 3062 Urbs
239 3002 342 3062 mater
355 2999 559 3070 tremibunda
572 2998 645 3062 dedi
660 2996 820 3062 cunabula
833 2998 1008 3080 praestans,

139 3080 242 3157 Quem
256 3087 493 3166 praetextatum
507 3082 621 3147 iaeulis
636 3079 807 3165 proludere
822 3081 911 3163 iussi,

136 3166 290 3249 Impubes
304 3167 369 3232 iam
384 3168 478 3232 fortis
493 3189 573 3250 eras,
587 3167 729 3230 inuictus
744 3165 871 3230 adultus

67 3249 184 3316 300112
198 3251 325 3315 1222212
340 3251 453 3316 uictor.
484 3252 539 3340 sed
553 3272 594 3315 ne
608 3250 776 3314 fraudatus
791 3249 896 3313 abires

143 3407 194 3455 268
217 3422 251 3454 aa
274 3404 353 3456 diues
375 3407 551 3456 scribendam?
619 3407 669 3455 274
692 3416 825 3453 concurre
893 3401 944 3450 280
967 3399 1025 3450 ain·

67 3525 124 3576 286
143 3481 237 3574 121122
254 3481 336 3572 1212212
405 3523 455 3574 288
471 3528 619 3588 rogassent

806 3598 841 3651 Ψ
