2474 3886
197 221 239 285 72
616 221 745 272 usum

262 368 406 435 Uentum
422 373 492 435 erat
505 369 545 434 ad
560 369 703 453 Thebas,
719 367 812 452 pellis
828 368 922 432 datur
936 388 1033 433 aurea
1048 370 1126 454 regi.

262 454 400 519 Miratur
414 477 471 520 rex
485 454 554 538 ipse
570 453 690 536 Oneon,
706 452 855 518 laudatur
869 450 968 516 Iason

264 537 355 613 Quod
370 539 454 604 freta
466 538 553 684 guod
566 541 669 602 terras
685 537 730 602 sic'
745 536 824 601 felix
837 536 956 620 praedo
972 539 1117 621 uagetur.

261 622 359 708 Regis
374 627 451 688 nata
488 620 697 686 coensfuerat
711 620 927 705 pulcherrima
943 619 1063 685 Glauce
1218 642 1219 655 ¹

197 719 248 769 370
259 707 329 771 Iam
345 707 397 770 cui
412 707 583 790 uirginitas
598 706 692 770 annis
707 709 835 770 matura
849 705 1010 769 tumebat:

260 791 349 855 Haec
364 791 420 854 ubi
435 790 603 873 conspexit
616 791 784 872 iuuenem,
799 789 962 854 flammata
976 789 1082 854 nitore

262 877 400 940 Aestuat
414 878 447 938 et
461 873 596 938 laudans
612 874 709 938 alieni
724 874 868 938 membra
882 873 990 938 mariti

263 957 363 1041 Optat
376 958 495 1024 habere
510 959 625 1022 uirum.
656 959 766 1022 sonuit
780 958 937 1042 genitoris
952 957 992 1022 ad
1007 977 1110 1021 aures.

260 1042 354 1106 Tunc
368 1047 473 1106 rector
488 1041 659 1106 Thebanus
675 1042 736 1106 ait:
760 1043 804 1106 ‘si
818 1041 966 1125 Iuppiter
980 1044 1106 1126 auctor,

198 1138 247 1187 375
260 1125 294 1191 si
310 1126 475 1208 Lachesis,
492 1127 520 1189 si
535 1128 602 1190 fata
616 1126 743 1208 iubent,
758 1126 807 1190 nil
822 1127 890 1209 ipse
905 1125 1065 1190 morabor.
1137 1183 1142 1190 .

261 1210 437 1295 Progenies
452 1232 525 1274 msa
538 1215 633 1294 turpe
650 1210 753 1293 cupit:
776 1209 909 1274 fortuna
923 1209 1068 1279 fauorem

260 1294 407 1359 Praestet
422 1298 455 1359 et
468 1295 630 1359 innumeri
645 1293 777 1358 laudent
791 1316 849 1378 per
864 1293 968 1358 saecla
981 1297 1129 1376 nepotes.

262 1377 420 1464 Uirgineo
437 1379 564 1443 dabitur
577 1378 671 1462 pellis
687 1398 759 1442 oum
775 1377 849 1444 dote
864 1378 1007 1526 pudori)

262 1463 406 1529 Finierat
420 1465 536 1528 senior.
567 1466 681 1528 uotum
695 1463 851 1547 cognouit
881 1483 962 1526 ason

198 1559 249 1609 380
260 1547 304 1612 Et
358 1551 425 1611 ates
441 1547 544 1610 elatus
561 1547 637 1631 agit.
668 1551 838 1630 praecepta
852 1551 1009 1630 tyrannus

261 1567 423 1694 Diuiinuit
437 1652 496 1714 per
510 1652 610 1715 regna
624 1653 760 1714 nocem,
776 1631 896 1695 inuitat
910 1631 1040 1714 iniquus

262 1712 309 1779 Ut
323 1714 458 1778 ueniant
471 1713 512 1777 ad
526 1719 604 1779 uota
619 1714 724 1780 duces.
755 1715 831 1779 dum
845 1715 929 1779 festa
941 1717 1113 1798 parantur,

264 1797 427 1883 Cognouit
442 1796 556 1863 Medea
570 1801 661 1864 nefas
675 1820 737 1865 nec
752 1799 874 1864 tardius
889 1799 971 1863 illud

262 1880 420 1964 Credidit,
436 1882 599 1966 ingratum
613 1905 691 1948 nam
706 1887 850 1947 senserat
863 1883 934 1967 ipsa
948 1883 1109 1948 maritum.

197 1977 248 2027 385
262 1967 349 2030 Ante
365 1964 449 2030 diem
464 1970 573 2030 tamen
587 1967 645 2031 illa
659 1967 772 2032 dolens
787 1989 861 2032 cum
876 1970 1021 2032 cerneret
1035 1965 1148 2030 aulam

260 2049 305 2114 Et
319 2072 353 2114 re
380 2050 405 2114 's
419 2049 544 2114 feruere
560 2050 706 2135 domum,
722 2072 794 2115 cum
810 2045 929 2135 magna
942 2054 1098 2135 parantur

261 2071 416 2218 PranMa,
432 2135 562 2200 uenturi
577 2135 749 2200 mittebant
764 2135 908 2219 praemia
923 2155 1030 2220 reges,

262 2218 437 2306 Signorum
453 2241 563 2285 cursus
579 2223 612 2284 et
625 2221 740 2304 plenae
756 2239 877 2284 cornua
890 2219 987 2284 lunae
1044 2221 1052 2232 “

262 2303 421 2388 Captabat
434 2303 548 2368 Medea
562 2305 682 2368 furens.
713 2303 778 2367 iam
793 2304 952 2369 clauserat
967 2304 1076 2368 orbem

197 2387 287 2453 3900
310 2389 403 2452 nthia
418 2387 548 2452 sidereis
563 2387 793 2452 transcendens
808 2388 943 2452 saltibus
959 2391 1053 2452 astra.

298 2494 338 2536 ox
354 2470 483 2535 Colchis
498 2492 532 2534 se
547 2472 672 2556 spargit
686 2473 786 2555 aquis,
803 2476 836 2536 et
850 2472 1005 2555 sulphura
1019 2471 1113 2534 lauro

103 2575 135 2622 n.
149 2573 183 2621 90]
262 2553 344 2618 (lum
358 2554 460 2618 taedis
474 2553 614 2638 fumant,
629 2556 791 2640 purgabat
804 2557 949 2620 membra
964 2553 1131 2638 sacerd08‚

260 2637 305 2702 Et
319 2659 466 2720 campum
482 2643 604 2703 secreta
617 2643 732 2724 petens
746 2641 803 2704 ubi
818 2640 907 2704 mille
922 2639 1067 2724 sepulcra

260 2721 423 2786 Adstabat
437 2722 560 2788 deiecta
574 2724 684 2789 oculos
699 2726 847 2789 confessa
861 2729 1001 2806 reatum,

196 2817 246 2866 395
259 2805 305 2871 Et
319 2804 445 2870 Lunam
460 2808 608 2873 manibus
624 2809 724 2874 tensis
739 2831 812 2873 oum
827 2830 908 2874 uoce
922 2812 1088 2893 precatur:

262 2891 450 2954 ‘Astrorum
464 2893 628 2976 princeps,
645 2894 812 2978 signorum
828 2894 933 2977 gratia
947 2892 1077 2976 fulgens

261 2973 306 3039 Et
320 2974 400 3038 caeli
415 2975 573 3040 stellantis
587 2976 708 3060 honos,
725 2977 874 3062 caliginis
890 2978 992 3042 hostis

265 3181 315 3231 3⁷2
332 3178 446 3231 Aestnm
460 3183 488 3230 et
500 3183 663 3244 corruptelae
676 3189 737 3232 nota
748 3185 836 3232 ueraci
852 3183 1004 3246 praeposita
1017 3186 1056 3231 est
1123 3185 1182 3233 ³80

198 3255 289 3401 albitus
313 3298 374 3364 aigi
392 3298 485 3364 agitp
555 3299 605 3348 382
623 3302 738 3364 saxtcy
808 3301 858 3350 384
881 3315 932 3349 nec
951 3315 1020 3351 corr.
1040 3297 1155 3352 Bueclr.

196 3411 259 3489 ipsa
321 3416 370 3466 387
389 3415 500 3465 Premis
516 3413 629 3462 uenturi
647 3429 716 3464 corr.
734 3413 831 3464 Bueeb.
897 3419 946 3466 392
965 3417 1078 3466 fumans
1102 3433 1187 3470 corr.

194 3493 291 3545 Bueolr.
361 3500 411 3549 393
430 3496 577 3562 sepulchra
646 3497 696 3546 394
714 3493 813 3546 Stabat
831 3512 899 3551 corr,
918 3499 1016 3550 Bacch.
