2474 3886
1052 17 1173 90 ’Ἦ

203 235 269 282 VIII
579 223 794 274 PRAEFATIO.

265 337 348 401 Huic
371 337 506 403 editioni
528 339 678 404 subiunxi
701 340 875 405 ‘Draconti
904 339 1166 408 Satisfactio-

201 442 288 484 nem
320 421 361 484 ad
394 421 659 488 Guthamundum
690 445 799 508 regem
831 423 1053 490 Vandalorum
1089 428 1165 493 dum

202 510 286 569 esset
311 505 347 568 in
369 507 506 571 vinculis
516 514 535 590 ’,
565 509 684 590 quippe
712 509 802 573 ouius
830 530 954 573 summa
981 510 1017 574 in
1045 511 1165 576 eisdem

203 589 340 672 querelis
361 596 523 673 versetur,
550 613 631 674 quae
653 592 689 655 in
711 593 918 675 epithalamio
946 593 1046 659 altero
1071 595 1163 678 (VII)

200 673 420 757 proferuntur.
463 674 559 738 Edidi
586 675 722 760 elegiam
749 676 862 741 eodem
890 699 967 741 usus
995 699 1059 761 quo
1085 681 1165 743 Are-

201 758 292 822 valus
320 757 428 822 codice
457 757 629 842 Vaticano,
687 761 720 823 ui
749 764 798 825 est
825 759 1004 845 Azagrensi
1031 766 1063 826 et
1100 760 1168 828 Sir-

201 841 382 906 mondianis
398 843 438 905 ab
453 841 504 906 Eu
529 843 602 906 enio
618 782 775 908 Toictano
797 845 999 928 interpolatis
1021 847 1168 930 uberior,

202 926 291 990 cuius
313 947 432 989 novam
459 863 666 991 collationem
693 950 801 992 meum
822 930 857 992 in
878 951 972 992 usum
994 931 1167 994 accuratis-

201 1009 280 1074 sime
307 1009 449 1074 confecit
475 1009 634 1096 Georgius
661 1011 777 1076 Kaibel
803 1013 933 1076 amicus.
978 1011 1086 1077 Codex
1116 1021 1165 1078 est

201 1092 415 1158 bibliothecae
430 1115 496 1179 reg.
509 1093 601 1159 Suec.
616 1095 679 1159 508
691 1095 803 1178 (1267)
819 1097 1081 1160 membranaceus
1097 1119 1165 1162 sae—

135 1192 140 1200 “
201 1177 265 1242 culi
279 1176 442 1241 undecimi
454 1226 462 1242 .
474 1178 641 1261 descripsit
655 1201 727 1243 eum
743 1180 900 1244 Areralus
915 1180 950 1243 in
964 1180 1168 1262 praefatione

201 1284 258 1326 sua
284 1282 359 1345 pag.
382 1262 423 1326 58
446 1283 479 1333 so
496 1283 528 1332 81
562 1266 657 1345 atquc
679 1264 854 1348 imaginem
883 1263 1001 1328 adiecit
1028 1265 1167 1328 subscri-

199 1346 331 1430 ptionis,
354 1345 439 1410 unde
461 1345 523 1411 hoc
539 1348 668 1430 quidem
690 1348 779 1412 omni
796 1347 894 1411 dubio
910 1347 1072 1430 eximitur,
1095 1370 1169 1412 csse

200 1431 240 1494 ad
263 1429 528 1495 Guthamundum
550 1431 687 1515 elegiam
708 1433 870 1514 scriptam,
893 1432 950 1529 qui
967 1427 1168 1579 Carthagine

199 1516 349 1599 regnavit
375 1516 469 1577 annis
488 1515 687 1596 484-496.ἢ
721 1514 784 1580 Sed
810 1515 848 1578 de
877 1516 928 1579 h1s
956 1516 1051 1579 rebus
1079 1516 1166 1580 a'is-

200 1620 262 1681 que
295 1596 335 1660 ad
367 1595 523 1661 Draconti
553 1597 653 1661 vitam
682 1599 799 1662 certius
829 1598 1084 1664 constituendam
1110 1621 1168 1664 ne-

199 1681 344 1746 cessariis
376 1701 456 1762 quae
483 1687 580 1763 poeta
606 1682 675 1764 ipse
697 1681 819 1747 indicat
847 1683 981 1747 collecta
1016 1683 1169 1748 invenies

199 1767 234 1830 in
261 1764 366 1828 indice
387 1764 567 1829 nominum.

262 1848 313 1912 De
334 1869 368 1912 re
397 1849 605 1932 grammatica
628 1854 661 1914 et
681 1850 814 1914 metrica
836 1871 917 1946 quae
939 1850 1021 1914 scitu
1043 1849 1167 1934 dignis-

199 1934 280 1997 sima
321 1931 526 2015 videbantur,
563 1933 683 2080 collegpl
715 1956 751 1997 1n
787 1935 960 2030 speormine
996 1936 1166 2016 sermome,
1231 1971 1232 2032 p

704 2039 741 2081 eo

200 2039 272 2081 eum
295 2037 371 2079 vero
401 2016 456 2099 qui
483 2015 634 2081 maluerit
770 2038 878 2080 omma
905 2018 964 2081 sub
991 2025 1058 2081 'uno
1088 2039 1166 2083 con-

199 2105 310 2185 spectu
333 2121 404 2164 com
428 2101 492 2183 oni,
522 2100 631 2186 relego
647 2101 687 2166 ad
705 2101 939 2185 praefationem
955 2123 1051 2184 quam
1066 2099 1165 2166 Caro·
1230 2069 1231 2132 l

198 2186 249 2249 lus
270 2183 352 2250 Sohe
433 2185 542 2250 libello
566 2186 595 2250 ei
620 2186 786 2269 praemisit
807 2207 871 2269 quo
893 2185 1014 2251 Orestis
1036 2189 1168 2269 tragoe-
1229 2155 1230 2234 l

199 2269 282 2335 diam
306 2269 414 2334 edidit.
459 2269 563 2334 Tanta
585 2271 672 2335 enim
693 2271 747 2334 isti
772 2269 908 2335 carmini
929 2269 1163 2352 dispositionis,

198 2356 378 2436 verborum,
402 2353 566 2435 dictionis,
589 2355 790 2438 integrorum
812 2373 961 2416 versuum
983 2352 1163 2418 similitudo

199 2461 272 2504 oum
293 2438 413 2501 nostris
441 2437 634 2500 carminibus
656 2435 840 2518 intercedit,
863 2440 899 2499 ut
921 2436 1057 2501 eundem
1079 2435 1165 2501 Dra-

198 2521 342 2586 contium
370 2518 515 2583 Orestem
537 2520 699 2603 scripsisse
727 2519 807 2583 mihi
830 2519 958 2603 quidem
985 2522 1164 2603 persuasis-

197 2607 313 2670 simum
351 2605 401 2668 sit.
445 2603 614 2668 Nonnulla
657 2605 725 2687 ipse
759 2607 826 2668 tam
863 2603 899 2667 in
935 2605 1022 2667 notis
1061 2626 1166 2687 quam

196 2691 232 2753 in
260 2688 417 2753 sermonis
444 2687 617 2771 specimine
645 2688 810 2771 composui
837 2687 967 2770 similia,
994 2687 1090 2770 plura
1112 2689 1165 2752 in-

196 2773 305 2837 veniet
326 2773 445 2870 quicun
468 2794 507 2836 ue
535 2775 608 2837 utra
630 2793 670 2836 ue
699 2771 848 2836 carmina·
868 2773 1046 2836 accuratius
1072 2792 1165 2837 com-

219 2861 365 2922 ararerrt.
410 2793 473 2920 Sel
499 2856 579 2920 haec
609 2794 775 2924 bactenus.
815 2877 926 2920 omnes
953 2859 1061 2919 autem
1089 2858 1165 2940 qui-

195 2880 256 3006 bus
270 2941 324 3005 hio
338 2941 465 3005 libellus
479 2941 515 3004 in
529 2962 643 3004 manus
660 2941 785 3004 venerit
800 2960 868 3003 non
886 2940 1044 3004 minorem
1059 2961 1166 3022 quam

196 3030 315 3090 memet
336 3025 442 3108 ipsum
464 3025 601 3110 gratiam
622 3023 790 3088 habituros
812 3045 880 3087 esse
899 3022 1090 3088 Buecheleri
1115 3024 1169 3088 di-

196 3109 361 3175 lectissimi
382 3109 598 3192 praeoeptoris
620 3109 752 3193 ingenio
776 3107 930 3172 acerrimo
953 3108 1014 3171 hoc
1036 3107 1116 3172 scio.

283 3225 407 3290 Dabam
430 3225 564 3291 Bonnae
587 3226 637 3290 die
658 3247 746 3292 nono
768 3225 887 3289 mensis
909 3223 1107 3289 Decembris.
