2474 3886
492 213 546 263 Vll
563 215 664 264 30-88

160 362 275 446 Iungit
289 361 469 426 amoriferis
483 383 541 446 per
554 361 638 426 festa
651 362 772 446 iugalia
786 363 911 446 palmis,

164 445 255 514 Cana
268 447 346 510 fides
361 447 526 530 pietasque
541 447 655 530 iugent
671 450 704 510 et
717 449 805 510 casta
820 447 978 530 uoluptas,

110 543 149 592 60
166 530 306 594 Brachia
320 531 544 615 constringant
559 532 676 595 celeres
691 531 800 594 uisura
813 536 957 614 nepotes,

165 615 320 680 Pronuba
333 613 417 678 Iuno
432 615 523 679 uenit
536 615 674 680 fecunda
689 617 775 678 sorte
791 615 944 679 maritans

163 699 325 783 Lanigera
339 701 512 764 eomitante
529 700 588 763 dea
601 722 660 784 per
673 702 751 763 uota
766 698 922 782 Minerua,

167 783 412 866 Concordesque
427 784 522 847 simul
538 785 701 848 celebrent
714 784 770 868 pia
783 804 873 848 sacra
886 783 1022 848 Dionae.

165 867 232 932 Ista
246 870 364 932 canant
378 869 527 951 iuuenes,
543 869 605 932 hoc
620 871 752 932 cantent
766 890 895 933 carmen
910 867 1037 932 adultae

114 963 150 1014 65
165 952 210 1016 Et
224 952 359 1034 simplex
373 955 461 1016 aetas
476 953 568 1035 pueri
583 955 777 1035 teneraeque
791 953 927 1036 puellae,

165 1035 310 1101 Cantitet
322 1036 385 1101 hoc
400 1040 571 1101 ueteranus
586 1060 693 1120 amor,
710 1039 886 1102 reuerenda
901 1039 1047 1102 senectus
1213 1003 1216 1086 l

167 1119 297 1185 Cantet:
314 1123 439 1184 amator
454 1122 515 1185 erit
529 1122 585 1205 qui
599 1144 668 1186 non
682 1122 820 1186 cantauit
835 1142 969 1203 amores,

166 1203 280 1269 Nescit
294 1205 380 1269 enim
395 1206 525 1270 senibus
540 1207 669 1270 ueniam
685 1206 804 1270 donare
820 1205 954 1289 Cupido.

169 1291 231 1352 Ast
246 1309 306 1374 ego
323 1290 378 1373 qui
392 1311 517 1373 nequeo
534 1294 645 1373 captus
661 1312 733 1354 mea
746 1290 869 1373 plectra
883 1310 1013 1353 mouere

115 1386 151 1434 ἰο
166 1373 317 1442 Carmine¹
329 1374 483 1457 sollicito,
500 1374 653 1438 dederant
667 1375 744 1458 quia
758 1375 900 1437 carmina
916 1373 1030 1456 clades,

165 1458 211 1522 Et
225 1459 320 1522 modo
337 1459 381 1523 sie
396 1461 520 1542 positus
536 1457 713 1542 Cythereae
728 1459 875 1522 cantibus
889 1458 1004 1522 absens

169 1541 333 1607 Sollicitus
347 1544 483 1626 pauidus
503 1545 692 1608 temerarius
707 1543 821 1608 anxius
844 1542 958 1625 audax,

168 1625 215 1690 Ut
228 1631 323 1691 uacat
337 1628 490 1710 expositis
504 1632 580 1712 post
593 1628 717 1712 proelia
731 1628 823 1693 miles
838 1628 878 1705 ab
893 1627 990 1690 armis

169 1709 303 1776 Saucius
319 1713 414 1794 atque
425 1733 557 1796 gemens
569 1734 633 1796 quo
648 1712 802 1797 languida
813 1712 948 1776 uulnera
960 1711 1068 1774 curet:

118 1807 152 1857 ‘15
168 1794 310 1860 Classica
324 1796 356 1859 si·
366 1797 480 1860 subitis
494 1796 614 1861 feriant
629 1797 834 1882 clangoribus
849 1817 951 1876 aures,

168 1880 200 1944 It
215 1879 320 1961 dolor,
336 1880 385 1944 ira
398 1881 497 1963 redit,
516 1903 573 1944 ceu
588 1882 652 1945 iam
667 1883 710 1945 sit
724 1881 822 1965 plaga
836 1880 977 1961 cicatrix,

168 1963 327 2028 Redditur
341 1969 373 2028 et
387 1966 509 2029 saniem
525 1966 609 2030 sistit
623 1969 715 2030 furor
729 1987 818 2030 arma
832 1985 1012 2047 reposcens,

170 2047 225 2112 Fit
239 2048 397 2113 medicina
410 2050 516 2132 furor,
532 2050 624 2115 furor
638 2055 686 2114 est
700 2073 765 2114 uox
779 2053 899 2114 tessera
912 2046 1027 2111 Martis

170 2132 215 2196 Et
229 2131 305 2197 dare
320 2134 384 2196 iam
400 2135 551 2198 membris
566 2134 645 2197 dicit
657 2135 737 2197 tuba
750 2154 846 2197 rauca
868 2131 1012 2195 salutem.

121 2230 157 2279 80
170 2219 239 2280 Aut
254 2217 344 2281 uelut
358 2238 431 2281 acer
446 2239 546 2302 equus
561 2217 637 2281 circi
651 2218 729 2301 iuga
742 2217 826 2280 ferre
842 2216 974 2296 dicetne,

172 2300 286 2365 Orbita
300 2301 473 2385 cornipede
489 2302 634 2385 sequitur
649 2323 743 2384 quern
759 2301 854 2364 ducta
867 2298 989 2379 uolatu,
1082 2318 1111 2370 [ρ.
1125 2311 1158 2363 291

172 2384 206 2449 Si
221 2384 323 2450 fretus
337 2387 469 2469 propria
483 2387 615 2450 leuitate
629 2385 751 2449 fauoris
766 2385 914 2448 alumnus

172 2469 250 2533 Plus
266 2474 318 2533 eat
332 2471 367 2533 in
381 2470 490 2534 frenos
507 2474 539 2534 et
555 2468 699 2534 concitus
714 2491 772 2534 axe
788 2489 909 2535 sonoro

173 2553 320 2618 Pulueris
335 2554 371 2617 in
386 2556 505 2618 nubem
519 2554 651 2618 radiatis
667 2555 798 2619 orbibus
813 2556 901 2617 actas

123 2651 156 2699 85
173 2638 321 2720 Accipiat
357 2642 409 2703 ost
423 2660 516 2702 crura
530 2642 617 2702 rotas
633 2643 665 2703 et
679 2643 808 2702 corruat
821 2638 913 2719 ictus,

174 2721 251 2786 Mox
267 2726 318 2786 stu
353 2745 409 2785 um
423 2722 511 2787 calor
525 2724 630 2788 omnis
645 2723 713 2786 abit
726 2723 902 2807 plangente
918 2717 1028 2784 dolore

172 2806 319 2870 Aduerso
333 2807 506 2890 plaudente
522 2829 619 2871 manu
635 2807 832 2890 stabulisque
847 2805 1000 2868 refertur:

172 2889 330 2954 Hinnitus
345 2892 372 2954 si
387 2891 472 2955 forte
488 2897 604 2955 sonent
618 2891 833 2974 strepitusque
847 2893 991 2953 rotarum

178 3027 211 3076 59
229 3028 345 3090 iungant
374 3023 382 3030 “
407 3027 439 3077 61
458 3027 580 3077 secunda
598 3044 666 3077 corr.
682 3029 775 3078 Buerd.
844 3030 876 3077 63
894 3027 981 3076 Dione
1043 3025 1076 3074 66

109 3095 235 3145 Cantilet
246 3095 416 3145 eornBueclr.
469 3096 501 3144 69
514 3111 602 3159 neque
616 3097 669 3144 hoc
682 3103 764 3160 aptus
777 3094 946 3145 eornBuecb.
963 3093 966 3156 Ι
982 3091 1075 3156 plecta

144 3165 177 3212 71
197 3162 330 3226 cytherea
368 3164 413 3212 ,72
432 3162 543 3212 tabidus
595 3166 627 3214 73
646 3165 682 3213 Et
699 3173 784 3216 uacat
841 3164 873 3212 75
890 3159 926 3226 si]
946 3161 989 3208 his
1007 3174 1076 3207 corr.

107 3229 208 3279 Bueclr.
278 3231 310 3280 77
328 3229 444 3280 Raditur
461 3245 529 3279 corr.
549 3229 644 3282 Buecd.
714 3236 747 3283 78
766 3240 875 3284 tessara
941 3229 973 3276 79
993 3225 1077 3277 discit

25 3341 27 3346 ,
107 3313 180 3348 corr.
199 3295 294 3347 Bueclr.
365 3299 398 3348 82
420 3295 566 3346 uoluntate
587 3315 655 3351 corr.
679 3298 776 3352 Buecd.
851 3301 884 3349 84
906 3295 1031 3345 radiatus

26 3377 28 3392 ²
105 3366 142 3414 85
166 3378 271 3413 cornua
289 3381 370 3429 supra
390 3365 464 3414 ictus
481 3365 554 3415 uerbi
570 3368 660 3416 literas
677 3372 824 3420 nouissimus
842 3368 1004 3428 corruptelae
1026 3367 1077 3428 sip-

27 3445 29 3490 3
106 3447 181 3492 num,
204 3433 231 3480 in
249 3435 301 3496 fine
324 3447 414 3482 uersas
436 3447 462 3498 q,
479 3435 589 3497 positum
611 3441 648 3482 eal
735 3438 769 3485 86
792 3433 870 3484 dolor
887 3433 974 3482 omnis
993 3430 1078 3481 habat

105 3515 181 3550 corr.
203 3497 298 3550 Bucen.
367 3503 399 3551 87
418 3500 540 3557 Aduerso
