2474 3886
436 523 473 589 X.
511 523 676 607 Draconoij
700 523 816 590 Medea.

208 675 286 741 Fert
300 678 427 742 animus
441 677 573 762 uulgare
588 677 680 742 nefas
696 682 729 742 et
742 677 878 762 uirginis
894 682 981 740 atrae

209 760 363 845 Captiuoe
377 764 557 825 monstrare
573 761 665 845 deos,
681 761 839 826 elementa
853 761 996 843 clientes,

208 843 366 912 Naturam
381 845 501 910 seruire
516 867 588 909 reae
603 846 723 910 seruire
737 843 874 929 puellae,
1053 857 1059 866 ‘

209 932 307 993 Astra
320 929 390 1026 poli
405 933 437 994 et
450 929 575 994 Phoebi
590 951 700 994 oureus
716 933 748 994 et
762 930 867 994 sidera
881 928 960 994 caeli

178 1025 194 1073 5
210 1013 355 1078 Arbitrio
370 1013 513 1078 mulieris
527 1014 591 1098 agi,
606 1013 748 1097 perferre
763 1013 945 1078 Tonantem

210 1095 303 1172 Quod
317 1097 427 1161 iubeat
441 1097 555 1162 Medea
568 1097 674 1180 nefas,
690 1098 745 1163 ubi
760 1097 887 1162 mittere
901 1097 1047 1162 flammas

208 1180 350 1265 Imperet
364 1181 538 1246 aethereas.
567 1185 716 1265 penetrat
729 1203 794 1246 uox
809 1181 866 1245 illa
880 1203 938 1265 per
952 1201 1046 1244 aurae

210 1264 292 1330 Cum
306 1265 390 1329 uitas
406 1269 588 1350 mortesque
603 1265 697 1348 facit,
713 1286 785 1330 cum
799 1265 867 1330 fata
881 1268 1048 1348 retorquet

211 1350 263 1413 Ad
278 1369 388 1414 cursus
403 1371 620 1434 quoscumque
634 1351 724 1414 uelit.
744 1350 821 1415 licet
835 1349 962 1433 hospite
978 1369 1070 1414 caeso

163 1445 196 1494 10
211 1432 338 1499 Seruiat
353 1437 385 1498 et
398 1433 566 1532 Scythicae
581 1438 689 1499 currat
702 1456 760 1518 per
774 1434 895 1518 templa
908 1433 1043 1516 Dianae,

208 1517 357 1582 Possidet
371 1521 563 1603 astrrgerum
578 1519 708 1582 funesto
722 1523 852 1601 pectore
868 1517 990 1582 caelum

208 1601 254 1666 Et
267 1622 399 1685 superos
414 1601 546 1685 impune
560 1602 680 1685 premit
692 1623 786 1685 prece
800 1604 878 1666 nixa
892 1603 1005 1685 uirago

208 1685 334 1749 Inuitos
349 1706 461 1767 parere
476 1686 547 1750 sibi.
578 1707 659 1770 quae
675 1687 818 1751 carmina
831 1686 952 1771 linguis

210 1769 391 1832 Murmuret
405 1773 461 1834 aut
475 1790 572 1836 urens
587 1771 708 1853 speeies
724 1792 805 1855 quae
819 1771 954 1835 nomina
968 1769 1062 1852 dicat,

161 1862 193 1913 15
207 1852 296 1918 Haeo
307 1855 415 1916 uatem
424 1855 548 1936 nescire
560 1854 659 1937 decet,
671 1876 752 1939 quae
763 1876 858 1922 nosse
868 1853 1041 1939 profanum
1052 1856 1108 1938 oet,

210 1936 298 2012 Quae
313 1935 412 2002 fuerit
425 1938 575 2024 uulgasse
589 1940 692 2004 nefas.
721 1961 781 2004 nos
796 1939 853 2004 illa
867 1959 1018 2003 canemus

210 2019 298 2096 Quae
312 2022 395 2086 solet
408 2022 444 2087 in
458 2023 566 2107 lepido
580 2022 798 2108 Polyhymnia
812 2023 908 2088 docta
918 2022 1045 2087 theatro

209 2106 302 2170 Muta
315 2106 421 2192 loqui,
438 2129 510 2172 eum
524 2112 624 2173 nauta
638 2109 743 2193 uenit,
759 2129 832 2172 cum
847 2110 959 2191 captus
973 2108 1098 2170 amator

208 2190 299 2256 Inter
313 2191 422 2256 uincla
435 2192 519 2258 iacet
533 2215 608 2258 mox
623 2196 814 2278 regnaturus
828 2192 936 2273 Iason,

161 2285 194 2334 20
209 2273 273 2339 Uel
287 2297 370 2359 quae
384 2277 505 2361 grande
519 2277 621 2342 boans
636 2277 744 2362 longis
759 2277 885 2341 sublata
899 2273 1065 2340 cothurnis

210 2359 335 2424 Pallida
349 2359 552 2445 Melpomene
567 2362 698 2445 tragicis
714 2383 786 2426 eum
801 2361 906 2445 surgit
919 2359 1044 2440 iambiS,

211 2441 346 2517 Quando
363 2448 563 2508 cruentatam
577 2445 656 2508 fecit
670 2446 708 2508 de
723 2449 825 2508 matre
840 2464 1013 2508 nouercam

211 2525 332 2589 Mixtus
347 2548 456 2591 amore
470 2527 562 2592 furor
577 2528 688 2594 dotata
701 2529 822 2612 paelice
837 2529 984 2608 flammis,

211 2607 371 2692 Squamea
385 2611 508 2693 uiperei
523 2611 694 2677 subdentes
710 2613 793 2677 colla
809 2613 963 2677 dracones

161 2703 194 2753 25
210 2691 292 2757 Cum
306 2715 442 2778 rapuere
457 2695 537 2760 rotis
551 2700 627 2780 post
639 2695 755 2762 funera
767 2699 860 2761 tauta
873 2697 1053 2760 nocentem.

211 2775 256 2840 Te
271 2778 378 2860 modo,
394 2777 549 2863 Calliope,
564 2784 704 2865 poscunt
718 2785 895 2865 optantque
911 2798 1037 2844 sorores

146 2927 150 2950 Ι
211 2860 348 2926 Dulcior
360 2866 398 2926 ut
411 2864 539 2949 uenias,
554 2886 641 2929 nunc
656 2868 688 2929 te
704 2866 795 2930 decet
808 2865 855 2928 ire
870 2867 1026 2950 rogatam,

217 3013 293 3076 Quam
315 3022 410 3080 poesim
432 3019 562 3083 adscripsi
578 3022 684 3070 alterius
701 3021 857 3083 exemplaris
878 3021 1009 3070 lectionem
1026 3015 1115 3067 notaui

147 3081 252 3149 literar
299 3085 315 3134 3
327 3098 393 3134 reae
406 3099 473 3137 corr.
487 3101 522 3136 ee
535 3085 604 3136 deae
618 3085 723 3137 dlilerc
741 3093 870 3150 carpuneto
882 3101 977 3150 recep
1017 3086 1032 3134 5
1046 3097 1113 3148 pen·

148 3149 213 3201 dere
232 3167 301 3201 corr.
320 3150 416 3202 Buech.
477 3154 509 3202 10
527 3151 637 3216 Scytice
696 3155 728 3204 13
744 3154 808 3216 sort.
826 3153 921 3218 lingua
980 3153 1012 3202 14
1030 3164 1113 3200 urens
1217 3175 1218 3204 τ

147 3222 310 3283 corruptelae
327 3221 399 3284 siquo
417 3225 535 3270 mictum.
555 3221 590 3283 cf.
602 3221 708 3284 species
720 3223 746 3270 in
758 3222 841 3271 indice
899 3221 931 3270 16
950 3217 1030 3282 Quod
1042 3233 1112 3268 corr.

148 3283 245 3334 Bacch.
300 3288 331 3336 17
349 3285 494 3350 Polymnia
565 3286 895 3340 remanentiam.
966 3289 998 3336 19
1016 3285 1115 3335 iacens

181 3351 216 3400 20
252 3352 306 3402 uod
323 3353 500 3404 eomBueela
519 3351 524 3417 Ι
544 3355 668 3406 coturnis
728 3357 762 3406 23
780 3355 870 3419 pelice
939 3356 972 3404 24
990 3351 1115 3418 uipereis

147 3431 217 3471 corr.
257 3420 327 3469 rect.
396 3422 429 3472 26
447 3421 526 3472 medo
544 3420 652 3487 modoy
709 3423 742 3473 27
760 3425 839 3474 nocte
857 3437 926 3473 corr.
938 3420 1035 3470 Bacch.
1050 3417 1055 3484 1
1070 3433 1115 3469 ro·

148 3488 242 3550 gotum
261 3499 328 3536 corr.
348 3486 443 3539 Buect.
461 3489 496 3551 cf.
514 3486 554 3542 VI
571 3489 604 3538 24

587 3759 894 3822 Aa&
