2468 3888
431 195 540 250 LIBER
559 195 705 250 PRIMVS.
1036 189 1058 252 9

94 356 251 421 Dicuntur
272 357 358 434 cives
380 358 542 440 quondam
562 359 700 443 migrare
722 358 825 422 coacti

133 441 278 506 Muribus
300 442 437 507 infestos
459 443 634 508 deseruisse
656 443 748 508 lares.
1006 455 1057 504 290

97 525 227 591 Credere
249 527 417 592 maluerim
437 527 616 613 Pygmaeae
638 527 755 592 damna
776 526 917 592 cohortis

131 611 176 676 Et
197 611 380 677 coniuratos
401 612 437 676 in
458 635 517 677 sua
537 613 622 677 bella
643 633 746 697 grues.

94 695 187 760 Haud
200 697 313 780 procul
327 697 404 761 hinc
419 699 540 781 petitur
560 698 705 795 signatus
725 698 765 762 ab
779 695 918 761 Hercule
932 701 1056 780 portus.

132 780 329 866 Vergentem
351 783 496 866 sequitur
516 782 646 847 molhor
667 805 744 846 aura
766 781 859 847 diem.

94 865 180 930 inter
201 869 379 932 castrorum
400 867 538 952 vestigia
559 889 663 932 sermo
686 867 802 932 retexit
1004 879 1054 926 295

132 949 285 1016 Sardoam
308 951 429 1034 Lepido
451 952 682 1036 praecipitante
702 952 823 1037 fugam.

94 1034 217 1101 Littcre
239 1057 378 1120 namque
401 1036 502 1102 Ocsae
525 1041 680 1122 cognatos
701 1036 826 1120 depulit
846 1036 955 1100 hostes

130 1120 293 1185 Virtutem
316 1121 423 1186 Catuli
444 1121 548 1186 Roma
570 1125 678 1186 secuta
699 1121 798 1186 ducis.

91 1204 147 1268 Ille
170 1209 280 1270 tamen
294 1205 434 1289 Lepidus
456 1205 561 1290 peior,
584 1206 732 1270 civilibus
753 1206 851 1270 armis

131 1289 195 1366 Qui
217 1291 318 1375 gessit
339 1291 434 1355 sociis
456 1291 556 1374 impia
576 1291 661 1355 bella
681 1291 799 1354 tribus:
1003 1303 1056 1352 300

91 1372 150 1449 Qui
172 1375 354 1440 libertatem
374 1375 551 1440 Mutinensi
565 1375 669 1440 Marte
690 1378 851 1457 receptam

22 1497 23 1508 ,
132 1459 250 1525 Obruit
271 1460 414 1543 auxiliis,
436 1461 515 1524 urbe
536 1463 690 1544 pavente,
712 1459 816 1524 novis.

89 1544 227 1608 Insidias
248 1545 320 1628 paci
341 1545 449 1609 moliri
469 1547 584 1610 tertius
606 1565 718 1629 ausus,

21 1619 23 1694 l
131 1629 292 1693 Tristibus
315 1630 441 1713 excepit
462 1651 606 1716 congrua
626 1629 694 1696 fata
715 1630 788 1694 reis.

21 1765 22 1800 ,
91 1711 244 1798 Quartus,
268 1713 423 1779 Caesareo
446 1714 523 1778 dum
544 1715 614 1780 vult
633 1715 780 1799 inrepere
801 1736 917 1800 regne,
1004 1727 1055 1776 305

129 1799 251 1864 Incesti
272 1821 411 1882 poenam
432 1800 530 1864 solvit
551 1799 709 1866 adulterii.

91 1882 188 1948 Nunc
202 1905 329 1967 quoque
344 1923 386 1932 -
401 1884 457 1949 sed
470 1886 585 1949 melius
600 1885 639 1948 de
653 1887 773 1950 nostris
788 1884 875 1950 fama
889 1887 1054 1969 queretur:

128 1967 230 2034 Iudex
251 1970 424 2052 posteritas
446 1970 570 2034 semina
591 1969 660 2034 dira
680 1973 780 2035 notet.

88 2053 284 2118 Nominibus
306 2058 409 2119 certos
432 2053 559 2119 credam
580 2054 745 2119 decurrere
767 2052 896 2119 mores?

128 2137 278 2202 Moribus
300 2161 342 2202 an
363 2139 472 2222 potius
493 2139 627 2204 numina
648 2143 735 2204 certa
756 2138 848 2204 dari?
1004 2150 1056 2198 310

90 2221 253 2307 Quidquid
274 2223 308 2286 id
329 2229 392 2307 est,
414 2225 515 2288 mirus
538 2223 638 2288 Latiis
660 2223 829 2288 annalibus
852 2221 947 2306 crde,

132 2307 228 2383 Quod
249 2307 407 2406 Lepidum
427 2309 525 2374 toties
547 2308 678 2373 reccidit
699 2329 775 2372 ense
796 2308 925 2372 malum.

87 2391 156 2456 Nec
181 2391 257 2456 dum
279 2392 429 2458 discussis
451 2393 566 2479 pelago
588 2394 804 2476 permittimur
825 2391 955 2456 umbris.

128 2477 236 2542 Natus
257 2479 364 2542 vicino
387 2479 505 2543 vertice
527 2482 642 2544 ventus
665 2478 763 2544 adest.

88 2560 246 2627 Tenditur
267 2563 302 2627 in
323 2563 443 2628 medias
465 2585 559 2628 mons
581 2563 794 2649 Argentarius
816 2561 918 2626 undas
1003 2574 1053 2621 315

129 2647 343 2732 Ancipitique
364 2649 442 2734 iugo
465 2648 592 2713 caerula
606 2671 703 2713 curva
723 2648 849 2733 premit.

86 2729 299 2797 transversos
321 2734 420 2798 colles
440 2733 492 2798 bis
514 2734 614 2798 ternis
634 2734 764 2798 milibus
785 2736 884 2815 artat3

129 2815 275 2882 Oircuitu
296 2819 390 2902 ponti
411 2822 462 2884 ter
482 2817 631 2883 duodena
674 2821 754 2882 atet:

86 2899 198 2976 Qualis
219 2924 277 2986 per
299 2904 445 2987 geminos
467 2903 583 2967 fluctus
603 2841 785 2986 Epliyreius
806 2901 946 2966 Isthmos

126 2985 237 3052 Ionias
259 2987 375 3052 bimari
396 2989 505 3052 littore
526 2987 621 3060 findit
641 3009 749 3071 aquas.
1002 2999 1054 3046 310

85 3070 153 3135 Vix
176 3071 443 3136 circumvehimur
465 3095 593 3156 sparsae
616 3071 783 3156 dispendia
803 3072 910 3156 rupis3

126 3154 198 3220 Nec
220 3157 351 3221 sinuosa
372 3157 464 3242 gravi
485 3163 571 3222 terra
591 3158 701 3222 labore
723 3161 826 3222 caret:

82 3239 254 3305 Mutantur
274 3242 372 3306 toties
393 3243 482 3306 vario
505 3242 680 3326 spiramina
700 3243 793 3306 flexu.

129 3322 217 3398 Quae
239 3326 335 3390 modo
357 3326 548 3410 profuerant
568 3327 655 3411 vela,
677 3329 808 3410 repente
830 3327 960 3390 nocent.

82 3407 224 3474 Eurinus
244 3410 333 3496 Igilii
356 3411 475 3475 silvosa
497 3412 662 3476 eacumina
682 3411 796 3475 miror:
1002 3419 1053 3469 325

128 3492 232 3568 Quam
253 3495 400 3560 fraudare
422 3495 513 3560 nefas
534 3495 637 3561 laudis
659 3497 782 3560 honore
804 3515 889 3559 suae.
