2474 3886
452 183 520 232 vm
535 185 670 234 aas-aee
1003 187 1044 250 39

141 331 240 397 lussit
255 333 296 395 ab
311 332 411 397 Iliaco
427 333 566 398 delectos
581 355 714 419 pergere
729 355 831 420 regno
1052 357 1085 404 [1.
1098 356 1132 406 4⁸]

142 417 195 481 Ad
209 421 266 482 tua
282 438 396 502 regna,
412 420 528 501 potens
543 441 730 504 germanam
744 421 829 505 regis
844 425 881 486 ut
895 421 990 486 heros

143 499 311 565 Bellorum
326 523 422 584 quam
437 504 506 568 iure
520 507 611 567 tenes
626 505 661 567 in
675 525 753 588 paee
768 505 937 570 refundas:

77 601 131 648 270
141 586 289 651 Posceris
304 585 479 651 Hesionen.
512 588 595 652 iacet
609 589 725 672 ingens
740 588 837 654 Troia
851 590 973 654 facillis

142 670 270 735 Excidii
285 691 468 754 compressa
482 672 547 753 sui,
562 693 622 737 nec
637 672 795 758 Pergama
809 673 923 738 ductor

144 753 324 820 Surrexisse
339 758 433 838 putat
447 756 511 820 nisi
525 756 605 839 ianr,
627 778 683 821 rex
698 779 830 842 magne,
847 780 989 824 sororem

143 839 331 923 Reddideris
345 840 416 924 regi
431 861 512 936 quae
527 862 614 906 nunc
629 843 758 925 captiua
772 846 909 908 tenetur.

144 923 251 1008 Turpe
267 923 355 987 ducis
370 946 491 988 serurre
506 945 608 1009 genus
624 927 808 1010 crimenque
822 932 956 1011 putatur

77 1021 129 1070 275
144 1007 179 1074 si
193 1030 261 1073 non
276 1008 362 1072 bella
376 1007 499 1073 dabunt
511 1009 582 1092 regi
597 1009 684 1093 quod
698 1011 783 1075 belle
796 1012 943 1078 tulerunt

143 1092 179 1157 Si
194 1115 257 1176 pax
270 1091 334 1157 hoc
349 1096 460 1177 optata
474 1097 581 1178 negat.
612 1117 671 1178 pro
685 1117 761 1180 rege
775 1098 915 1180 rogaris:

142 1177 189 1240 Te
202 1199 238 1241 re
262 1178 357 1242 etisse
371 1182 451 1260 puta
465 1177 594 1242 Priamo
612 1180 771 1244 retinente
786 1203 930 1246 sororem
935 1233 943 1266 ,

142 1261 176 1328 N
178 1284 221 1326 on
236 1200 328 1326 dolor
343 1267 481 1326 armaret
496 1263 523 1326 si
537 1284 606 1327 non
621 1265 711 1328 daret
724 1265 779 1328 ille
794 1270 926 1350 rogatus

144 1345 238 1422 Quod
247 1349 383 1430 peteres,
395 1347 572 1412 Telamon?
588 1348 691 1412 scelus
702 1354 751 1412 est
761 1352 794 1412 et
805 1349 892 1413 fama
901 1349 1043 1434 pudoris,

77 1443 131 1492 280
140 1430 293 1496 Nascitur
308 1432 431 1495 inuidia
446 1431 575 1496 Priamo
591 1436 748 1517 regnante
763 1454 906 1498 sororem

144 1515 337 1600 Graiugenis
352 1517 472 1582 seruire
488 1538 593 1598 suam,
609 1517 694 1581 liuor
708 1517 811 1581 melus
826 1517 901 1582 inde

143 1599 308 1666 Creditur:
333 1602 463 1666 ‘Iliacas
478 1603 586 1684 potuit
600 1623 748 1684 reparare
763 1594 890 1666 ruinas’

142 1685 290 1749 Murmur
296 1684 554 1769 eritPhrygibus,
567 1691 760 1752 ‘consortem
768 1687 936 1771 sanguinis
946 1710 1043 1752 unam

141 1769 220 1834 Non
234 1770 355 1834 ualuit'
373 1771 480 1834 dicent
495 1775 618 1834 ‘rector
633 1771 671 1834 de
686 1792 762 1856 rege
777 1773 921 1836 mereri'.

78 1867 128 1916 285
142 1854 287 1918 Dixerat.
319 1859 353 1918 at
366 1854 522 1918 Telamon
537 1860 660 1919 mentes
676 1857 820 1920 armabat
834 1857 869 1920 in
884 1857 963 1940 iras,

141 1939 228 2003 Nam
244 1939 346 2022 pietas
361 1939 493 2002 affectus
508 1962 598 2004 amor
614 1940 784 2025 concordia
797 1940 905 2024 proles

143 2022 334 2087 Accendant
347 2027 454 2088 motus
470 2024 505 2086 in
543 2029 649 2088 ectore
663 2024 750 2088 fellis
765 2026 875 2089 amari.

133 2107 328 2182 ,Conubium
343 2107 450 2191 regni,
466 2045 601 2172 thalami
616 2110 778 2173 consortia
793 2109 872 2172 casti

142 2191 294 2256 Scindere
309 2193 500 2274 poscebant,
516 2195 549 2255 et
563 2191 650 2275 quod
663 2213 754 2256 mens
768 2193 860 2255 nulla
874 2193 1015 2275 tulisset,

77 2290 128 2337 290
141 2276 251 2340 Aiacis
266 2276 347 2340 haec
360 2280 464 2340 mater
479 2279 555 2339 erat.
587 2276 631 2339 sic
646 2276 762 2358 incipit
777 2297 831 2339 ore

141 2360 303 2424 Turbidus
318 2360 472 2424 Aeacides
491 2361 575 2424 iusta
590 2381 761 2424 succensus
775 2360 887 2424 inira:
1053 2393 1084 2441 [μ
1097 2392 1133 2440 a]

144 2443 198 2508 ‘Si
212 2443 317 2526 pudor
329 2444 437 2508 Iliacis
452 2449 508 2508 ant
522 2445 685 2508 mentibus
700 2448 783 2508 esset
797 2444 964 2526 honestae,

141 2527 312 2594 Excidium
327 2528 442 2592 Troiae
458 2529 485 2592 si
500 2533 631 2610 pectora
646 2529 731 2593 uicta
746 2529 904 2610 dolerent,

142 2611 321 2677 Herculeos
337 2614 469 2677 comites
484 2612 605 2676 Priami
620 2633 700 2697 gens
714 2613 833 2696 praeda
847 2612 1019 2696 Pelasgum
1073 2661 1080 2674 ,

76 2711 128 2760 295
142 2695 220 2762 Non
234 2698 337 2782 magis
353 2697 508 2762 auderent
521 2697 558 2760 in
571 2697 656 2761 bella
670 2697 823 2760 lacessere
840 2695 954 2760 Graios

146 2780 330 2869 Semideurn
344 2784 417 2865 post
431 2781 516 2845 bella
532 2781 664 2863 ducum,
680 2781 796 2864 quibus
810 2780 889 2844 Ilios
904 2781 1020 2877 ingens

142 2863 241 2929 Uicta
255 2866 346 2930 iacet.
376 2865 538 2948 placuitne
553 2865 692 2949 Phrygis
707 2865 847 2948 periuria
862 2868 968 2949 gentis

144 2945 276 3014 Soluerc
291 2971 351 3014 uos
366 2951 498 3033 iterum,
514 2949 542 3012 si
557 2948 676 3014 dudum
691 2972 792 3032 parua
806 2948 912 3012 luistis

143 3033 331 3117 Supplicia?
353 3033 483 3098 Priamo
498 3034 598 3098 Troes
613 3055 685 3098 mea
700 3033 785 3098 dicta
798 3034 931 3098 referte:
1003 3096 1005 3099 .

146 3205 197 3254 270
219 3206 351 3255 Posteris.
387 3205 466 3266 Quod
491 3212 568 3269 potes
591 3202 830 3268 IMlHesionem
899 3201 1052 3256 27211111,

74 3288 174 3324 rasura
243 3275 293 3324 276
312 3287 361 3336 por
379 3288 443 3336 rege
462 3287 529 3323 corr.
550 3272 567 3320 I
573 3272 604 3321 M
665 3271 937 3323 stoicicorum
997 3272 1047 3321 279

74 3341 183 3408 peteris
252 3341 434 3390 28111θί1111,
475 3342 525 3390 287
543 3339 688 3388 Accedunt
705 3356 774 3399 corr.
794 3339 849 3388 IM
906 3339 956 3388 298
975 3335 1046 3388 Con·

74 3409 193 3458 nubium
285 3409 335 3458 290
361 3407 480 3472 incipiat
501 3423 570 3468 corr.
596 3406 649 3456 [Μ
731 3409 780 3456 291
800 3404 909 3454 eacides
996 3407 1046 3456 293

75 3477 155 3526 iueta
174 3474 303 3524 dolorant
320 3491 389 3524 corr.
408 3473 425 3522 I
431 3474 461 3523 M
