2468 3888
174 192 214 258 18
555 173 765 250 urniorum

173 373 224 424 630
280 359 394 441 Fitque
416 381 451 424 re
475 359 596 424 ortanti
617 360 758 424 carmine
780 358 899 443 praeda
919 359 1008 424 levis.

235 444 364 510 Interea
386 467 418 508 m
463 443 520 509 ‘dis
541 465 610 509 non
632 443 750 508 desinit
770 444 901 508 Africus
923 444 982 508 alis

280 528 458 600 Continuoa
480 530 571 613 picea
591 529 678 593 nube
699 549 818 614 negare
840 528 918 592 dies.

235 616 305 680 Iam
326 614 492 679 matutinis
513 613 643 698 Hyades
665 614 829 679 occasibus
849 613 947 678 udae:

277 699 347 764 Iam
368 700 448 763 latet
468 698 605 764 hiberno
627 697 776 764 conditus
797 699 900 763 imbre
921 697 1043 783 Lepus,

174 797 224 848 635
238 783 403 870 Exiguum
424 783 537 868 radiis,
559 783 615 848 sed
635 784 763 869 magnis
784 783 950 866 fluetibus,
972 788 1113 869 astrum

280 868 350 946 Quo
372 867 532 933 madidam
553 869 663 933 nullus
684 869 796 933 navita
816 868 936 952 linquit
957 869 1102 934 humum.

236 954 384 1039 Namque
406 953 584 1037 procelloso
607 953 814 1038 subiungitur
836 952 969 1018 Oarioni

279 1038 539 1136 Aestiferumque
561 1037 682 1104 Canem
703 1037 829 1103 roscida
851 1037 968 1122 praeda
988 1038 1085 1124 fugit.

235 1123 385 1190 Vidimus
406 1123 518 1188 excitus
539 1127 677 1207 pontum
697 1123 867 1188 flavescere
890 1123 995 1188 arenis

173 1222 225 1272 ouo
281 1210 390 1293 Atque
412 1211 555 1273 eructato
577 1209 696 1273 vertice
717 1229 794 1274 rura
814 1209 898 1294 tegi:

241 1292 386 1370 Qualiter
408 1293 553 1358 Oceanus
575 1293 688 1358 mediis
710 1293 893 1358 infunditur
914 1294 1014 1378 aguis,

279 1377 492 1444 Destituenda
513 1397 596 1464 vago
619 1401 691 1443 cum
713 1378 831 1462 premit
852 1400 930 1444 arva
951 1377 1034 1462 salo;

239 1463 314 1530 Sive
336 1463 399 1528 alio
421 1463 539 1528 refluus
560 1467 673 1529 nostro
696 1463 870 1528 conliditur
892 1464 978 1547 orbi,

281 1547 355 1614 Sive
378 1569 509 1613 corusca
530 1549 595 1612 suis
618 1548 721 1613 sidera
742 1548 846 1632 pascit
866 1549 967 1632 aquis.

555 1837 758 1849 ——-—-—-.

391 2057 572 2132 LIBER
607 2057 920 2134 SECVNDVS.

605 2263 706 2274 ——n

239 2394 393 2460 Nondum
414 2394 531 2478 longus
547 2399 616 2459 erat
629 2417 689 2460 nee
711 2395 813 2460 multa
827 2395 993 2461 volumina
1013 2417 1149 2484 passus,

278 2479 351 2543 Iure
373 2499 431 2542 suo
452 2482 580 2561 poterat
600 2480 730 2566 longior
751 2501 825 2545 esse·
841 2480 936 2545 liber:

238 2562 358 2627 Taedia
378 2563 532 2626 continuo
554 2564 664 2629 timuit
685 2587 819 2631 censura
839 2565 959 2649 labori,

280 2645 412 2712 Sumere
432 2668 474 2711 ne
496 2647 598 2714 lector
617 2649 693 2736 iuge
715 2655 847 2734 paveret
868 2671 958 2734 opus.
1074 2693 1077 2700 ·

209 2729 343 2814 oSaepe
365 2731 444 2796 cibis
466 2731 571 2798 adfert
591 2755 680 2800 serus
700 2735 830 2801 fastidia
850 2735 939 2799 finis:

280 2814 410 2880 Gratior
432 2821 481 2882 est
501 2818 634 2884 modicis
655 2819 823 2885 haustibus
845 2820 931 2884 unda
952 2820 1015 2886 siti.

238 2900 413 2966 Intervalla
434 2903 505 2967 viae
526 2904 620 2968 fessis
641 2909 802 2987 praestare
823 2905 950 2969 videtur

285 2982 347 3060 Qui
368 2989 462 3051 notat
482 2989 656 3073 inscriptus
676 2989 766 3053 milia
786 2990 897 3054 erebra
917 2989 1008 3073 lapis.

238 3070 402 3137 Patimur
421 3071 583 3154 trepidum
602 3095 660 3156 per
681 3075 835 3157 opuscula
855 3074 933 3139 bina
944 3075 1124 3163 ruborem,

196 3169 230 3219 ιο
287 3152 390 3231 Quem
411 3155 510 3220 satius
531 3157 638 3222 fuerat
659 3158 847 3224 sustinuisse
868 3160 975 3224 semel.

236 3239 381 3304 Tandem
401 3240 549 3306 nimbosa
569 3242 666 3306 maris
687 3242 853 3308 obsidione
875 3243 988 3309 solutis

280 3323 400 3420 Pisano
421 3327 518 3420 portu
540 3326 677 3422 contigit
698 3326 763 3422 alta
784 3329 883 3424 sequi.

238 3407 371 3471 Amdet
390 3406 552 3490 placidum
572 3408 670 3470 rodus
691 3412 903 3491 cnspantrbus
925 3433 1059 3498 aequor,

280 3487 325 3552 Et
345 3491 468 3555 sulcata
486 3489 551 3553 levi
572 3495 750 3554 murmurat
770 3493 857 3557 unda
877 3515 968 3561 sono.

394 3789 697 3844 *A
