2468 3888
377 809 760 894 PRAEFATIO.

515 1031 614 1044 μΧΙΧΑΛΛΛΙ

149 1203 307 1290 Claudius
341 1221 481 1286 Rutilius
518 1220 745 1304 Namatianus‚
788 1219 826 1284 de
866 1241 930 1302 quo
966 1217 1048 1282 nihil

94 1311 180 1376 nobis
200 1315 327 1378 constat
348 1311 426 1376 certi
448 1311 511 1375 nisi
534 1333 614 1395 quae
637 1310 830 1375 carminibus
851 1307 916 1372 suis
930 1329 1049 1374 memo·

94 1395 184 1480 ravit,
212 1401 302 1481 patre
332 1400 420 1462 ortus
447 1396 662 1461 illustrissimo
693 1399 726 1460 et
752 1391 955 1478 amplissimis
980 1392 1048 1476 ipse

92 1480 214 1548 functus
247 1482 423 1548 honoribus
451 1521 492 1530 —
519 1504 595 1546 nam
627 1485 660 1546 et
690 1479 923 1565 praefecturam
950 1477 1049 1562 gessit

93 1566 172 1631 urbis
202 1605 239 1614 -
268 1591 296 1632 a.
325 1591 356 1633 u.
385 1590 410 1632 c.
440 1565 657 1632 MOLXVIHI
689 1565 725 1630 in
751 1564 902 1646 Galliam,
936 1584 953 1628 e
986 1584 1050 1647 qua

94 1654 174 1718 ortus
202 1657 271 1717 erat
297 1657 397 1736 terra,
426 1656 496 1716 tum
522 1652 676 1736 temporis
704 1673 723 1714 a
749 1648 865 1714 Gothis
893 1651 1049 1714 vastatam

94 1736 194 1822 rediit,
218 1738 308 1802 cuius
323 1737 448 1802 itineris
462 1737 650 1802 memoriam
664 1736 788 1802 duobus
802 1734 893 1798 libris
908 1733 1048 1820 elegiace

24 1814 26 1884 l
94 1825 186 1888 metro
216 1821 344 1908 scriptis
370 1823 576 1907 propagavit,
605 1844 623 1887 e
650 1821 765 1906 quibus
792 1824 902 1886 tamen
925 1823 1050 1904 partem

23 1934 25 1991 ι
94 1907 245 1989 quandam
273 1907 390 1991 prioris
419 1929 491 1972 cum
520 1907 617 1992 longe
644 1906 764 1972 maiore
794 1903 924 1972 secundi
955 1903 1049 1970 nobis

23 2420 26 2570 l

94 1990 201 2058 invidit
227 1992 368 2058 fortuna.
396 2031 437 2040 —-
464 1991 541 2057 Fuit
572 1991 670 2057 homo
701 1990 876 2056 liberaliter
908 1988 1049 2054 eruditus

94 2078 278 2162 optimisque
304 2081 472 2161 poetarum
500 2077 652 2160 exemplis
679 2076 855 2142 innutritus
861 2125 871 2158 ‚
903 2074 937 2139 id
964 2073 1050 2159 quod

94 2165 122 2225 et
140 2164 295 2228 sermonis
309 2163 490 2228 urbanitate
504 2184 564 2228 nec
578 2163 683 2226 minus
700 2161 860 2259 elegantia
873 2163 1049 2226 metrorum

24 2306 25 2329 χ
94 2249 332 2345 ιοιιιιιιοὶιιιὲιιι,Ι
364 2252 401 2312 ut
431 2248 518 2312 haud
550 2245 701 2332 indignus
714 2332 720 2344 ⁶
733 2249 776 2344 sit
808 2243 984 2342 Claudiano
1016 2249 1052 2310 et

24 2342 25 2363 ¹
95 2328 294 2416 Merobaude,
323 2336 407 2397 mter
429 2354 510 2416 quos
531 2335 634 2397 aetate
657 2335 764 2398 extiht
784 2328 916 2394 medius.
960 2328 1050 2394 Idem

94 2417 163 2482 satis
177 2417 280 2484 felicis
294 2439 395 2483 venae
414 2417 478 2482 fuit
492 2418 636 2504 poeticae
657 2439 717 2482 nec
737 2416 862 2481 fucatae
885 2414 1050 2480 rhetorum

93 2503 266 2589 praestigiis
281 2507 434 2588 appetens
449 2503 604 2569 orationis
616 2506 726 2588 (quam
737 2499 897 2568 tamenab
913 2500 1049 2584 optimo-

93 2607 157 2652 mm
177 2588 377 2653 saeculorum
398 2588 602 2672 simplicitate
622 2588 768 2653 recedere
788 2587 865 2671 quid
884 2585 1049 2670 miruml).

94 2669 211 2758 Quippe
232 2673 326 2738 facile
349 2695 502 2759 agnosces
525 2674 642 2738 sentire
665 2695 738 2738 eum
760 2695 841 2770 quae
865 2670 964 2754 dicat,
986 2693 1049 2736 me-

93 2777 207 2824 morem
232 2757 404 2824 Horatiani
434 2757 520 2822 illius
548 2759 710 2842 praecepti
738 2763 776 2822 ‘si
804 2757 853 2822 vis
882 2779 932 2822 me
963 2755 1048 2840 flere,

93 2840 289 2910 dolendumst
315 2843 455 2927 primum
487 2843 549 2927 ipsi
575 2844 663 2928 tibi,’
691 2865 764 2908 cum
792 2842 870 2908 alias
896 2845 966 2908 tum
993 2841 1049 2907 ubi

93 2923 221 3011 Romae,
250 2949 332 3013 quae
358 2929 467 3013 paullo
496 2933 571 2994 ante
598 2930 639 2993 ab
660 2928 790 2993 Alarico
819 2932 888 2993 erat
914 2927 1048 3010 direpta,

93 3031 177 3078 cesus
201 3017 374 3098 memorat3
425 3015 518 3079 uibus
544 3014 636 3079 lectis
657 3014 713 3097 qui
738 3036 805 3078 non
829 3012 1048 3078 vehementius

22 3151 24 3164 .
94 3099 354 3183 commovebitur,
388 3099 412 3164 ι’
431 3099 495 3165 'ceo
528 3099 622 3164 corde
652 3098 814 3184 praeditus
842 3098 884 3163 sit
911 3120 930 3162 o
955 3101 1047 3162 ortet.

93 3177 248 3283 Religioni
264 3188 370 3250 autem
388 3183 531 3250 addictus
552 3183 616 3249 tuit
636 3206 851 3272 paganorum,
873 3205 919 3248 un
940 3203 957 3248 e
978 3204 1048 3280 pes·

93 3287 148 3334 s1m
168 3291 202 3338 ιιι
223 3269 358 3336 Iudaeos
387 3273 419 3334 et
441 3267 641 3336 Christianos
665 3270 837 3335 invehitur.
881 3267 930 3334 aa
951 3269 1047 3332 stram

94 3372 180 3422 causa
209 3355 412 3440 potissimum
440 3354 582 3420 evenisse
614 3359 739 3439 putem,
771 3358 809 3419 ut
837 3351 1048 3419 Stilichonem

94 3439 205 3518 proditi
220 3440 347 3525 imperii
362 3445 524 3526 argueret:
547 3440 598 3504 cui
613 3441 665 3504 vel
679 3440 793 3506 maiori
808 3438 904 3504 vertit
917 3438 1046 3523 probro,

96 3525 173 3604 quod
195 3525 354 3611 Sibyllina
376 3526 504 3591 oracula
528 3529 692 3590 cremarat.
