2468 3888
500 211 671 268 scansus,
1025 203 1072 271 47

104 378 165 444 Sed
193 377 280 442 enim
308 376 396 441 haud
423 377 468 441 im
491 375 681 442 robabiliter
706 375 819 440 statuit
846 374 1068 460 Westphalius

103 465 137 528 in
158 463 250 528 libris
271 461 311 527 de
332 483 367 526 re
388 462 428 526 rh
524 461 531 474 ‘
590 460 786 526 Graecorum
807 463 831 525 ὴ.
846 459 880 525 Π
901 461 992 547 pg.2
1012 483 1067 548 pg.

105 548 166 613 129
195 547 282 612 hunc
309 569 368 632 per
395 567 535 612 errorem
563 549 597 610 et
617 544 785 630 deceptum
806 545 937 610 alterius
958 568 1069 612 versus

104 633 159 718 qui
180 632 268 696 haud
289 631 385 696 dubie
407 635 455 696 θεὴ
470 629 582 696 Sereni
603 629 813 696 similitudine
829 633 867 695 ut
879 635 959 715 puta
971 631 1068 698 huius

103 717 265 782 ‘animula
284 716 435 781 miserula
477 716 635 800 reperiter
656 716 751 780 abiit’
775 713 931 800 Septimio
953 716 1069 782 adscri-

105 803 210 887 psisse
227 804 366 866 metrum
381 739 477 886 quod
487 801 596 886 potius
618 823 638 865 a
659 801 875 886 grammaticis
895 801 1004 866 latinis
1027 803 1070 868 sit

102 909 287 973 expressum
315 885 355 950 ad
389 886 571 970 exemplum
604 886 719 951 Graeci
751 885 899 950 versiculi
932 887 987 971 qui
1020 891 1069 952 θεὴ

102 978 171 1038 ’ἴθι
195 970 278 1056 μόλε
300 969 488 1055 ταχύποᾶος
511 971 567 1036 ἐπὶ
590 969 691 1055 δέμας
713 971 873 1054 ἐλάφου’.

104 1075 154 1139 13.
244 1071 368 1161 [nemus
391 1094 450 1138 ave
471 1073 610 1155 reticuit,
632 1091 709 1156 ager
729 1072 861 1137 homine
884 1072 967 1160 silet]

164 1175 271 1240 Affert
297 1174 419 1239 Marius
441 1172 629 1239 Victorinus
655 1193 731 1259 pgg.
762 1174 811 1238 70.
844 1174 914 1239 104.
944 1175 1005 1240 134
1033 1180 1069 1240 ut

104 1260 285 1345 exemplum
306 1259 485 1324 tetrametri
505 1258 781 1342 proceleusmatici
796 1259 980 1325 catalectici.
1014 1259 1068 1325 Se-

101 1367 181 1496 ll?
194 1367 278 1495 1335
289 1342 1068 1513 dictitat?‹lllltf.lt⁰.ffi·‹..ltt

100 1515 271 1614 Praeterea
298 1515 333 1579 in
359 1512 507 1578 Parisino
536 1513 619 1578 libro
652 1516 701 1577 est
732 1513 851 1597 ubique
884 1512 965 1578 illud
994 1514 1068 1580 ‘ho-

100 1606 249 1665 mmcm’.

104 1686 153 1750 14.
315 1687 371 1747 aut
392 1683 542 1748 zonulam
563 1687 620 1747 aut
640 1682 740 1747 rioam
762 1685 819 1748 aut
839 1703 940 1748 acum.

165 1785 294 1851 Nonius
315 1806 369 1872 pg.
385 1785 449 1851 539
471 1808 495 1850 ε.
518 1808 548 1849 v.
571 1785 645 1850 rica.
682 1782 819 1850 Serenus
843 1807 861 1850 o
886 1785 1068 1852 usculorum

101 1872 214 1958 (vulgo
236 1870 430 1955 ‘opusculo’l
444 1869 500 1934 lib.
516 1869 541 1934 I.
563 1909 605 1917 —
627 1868 809 1934 ‘Zonulam'
832 1892 849 1934 θ
872 1871 911 1955 d,
928 1872 1066 1937 ‘zonula’

101 1955 171 2021 odd.
200 1993 243 2002 -
271 1959 344 2019 ‘aut
365 1955 464 2019 ricem
486 1957 543 2018 aut
563 1960 671 2018 acum'
696 1975 771 2038 ege,
799 1957 874 2020 ‘eut
899 1978 992 2021 acum
1014 1961 1070 2021 aut

100 2041 216 2106 ricam'
239 2039 324 2104 libri.

102 2127 152 2191 15.
436 2123 558 2189 occatio
581 2123 800 2187 occaecatiost.

169 2208 297 2275 Nonius
319 2229 373 2294 pg.
396 2209 436 2274 61
460 2231 484 2272 ε.
507 2230 537 2272 ν.
561 2207 750 2273 occationis:
774 2206 920 2273 Serenus.
944 2248 986 2257 -
1008 2209 1068 2274 Oc-

101 2295 263 2360 cationem
291 2295 331 2358 ab
361 2293 557 2359 occaecando
586 2293 704 2358 dictam
731 2314 799 2357 esse
821 2297 933 2358 auctor
955 2298 1004 2359 est
1024 2293 1068 2359 M.

100 2379 228 2444 Tullius
250 2378 279 2443 d.
304 2400 370 2443 sen.
392 2377 465 2461 XV,
487 2378 539 2443 51.
585 2376 635 2443 Of.
658 2382 692 2443 et
716 2375 858 2442 Isidorus
879 2377 984 2463 XVII,
1006 2379 1036 2443 2.

104 2465 155 2530 16.
343 2485 412 2528 non
433 2464 550 2548 dignus
571 2464 607 2528 in
629 2485 724 2548 quem
746 2463 879 2528 debeam

341 2551 483 2614 saturam
504 2549 663 2614 calentem
684 2548 857 2634 adoingier.

168 2633 275 2700 Schol.
298 2633 368 2699 Iun.
391 2632 431 2698 ad
452 2632 532 2716 1111,
554 2633 575 2697 2
603 2633 643 2698 ad
672 2637 795 2720 partes:
824 2637 880 2698 aut
901 2631 942 2696 ad
962 2636 1069 2716 partes

102 2719 197 2804 quasi
218 2717 417 2802 comoediae,
440 2739 521 2803 quae
543 2719 663 2784 multae
686 2719 819 2784 suntin
840 2739 928 2801 cum,
951 2721 1007 2782 aut
1029 2719 1069 2782 ad

125 2807 210 2868 artes
232 2804 324 2889 quasi
345 2802 486 2868 convivii
509 2806 541 2867 et
563 2802 777 2887 copulationis
798 2825 936 2868 mensae.
970 2803 1016 2868 ita
1038 2806 1070 2867 et

99 2828 242 2954 Soscnus
253 2887 429 2975 (Serenus’
445 2887 545 2974 docti)
561 2887 644 2953 libro
659 2888 692 2953 H
706 2889 761 2953 ait.
776 2925 820 2936 -
834 2889 1003 2953 ‘calentem
1017 2887 1069 2952 ad·

104 2973 246 3059 cingier’
270 2993 341 3058 ege,
365 2974 507 3038 ‘calente
528 2973 562 3037 vi
583 2972 787 3058 adingerere’
812 2971 880 3038 cdd.

106 3075 157 3140 17.
442 3111 460 3130 υ
477 3119 498 3128 -
515 3108 533 3126 ν
558 3096 655 3140 suave
677 3074 807 3138 sibilum

166 3157 244 3225 Non
265 3179 320 3257 pg.
342 3157 420 3256 2235
450 3159 581 3224 sibilum
601 3163 717 3224 neutro
740 3163 777 3223 ut
798 3158 883 3243 apud
905 3157 1068 3224 Serenum.

102 3283 148 3292 -
169 3243 202 3309 N
204 3247 258 3309 ota
279 3248 522 3329 s1gmat1smum.

104 3347 155 3411 18.
396 3345 502 3431 (laeva
523 3367 636 3410 manus
657 3344 842 3430 infuderat).

393 3429 524 3496 ‘inferis
545 3452 643 3496 manu
665 3431 794 3496 sinistra

392 3516 594 3582 immolamus
616 3516 739 3601 pocula.
