2474 3886
146 183 183 228 1v
523 169 740 223 susurrum.
823 132 826 136 ⁵

215 283 321 347 Nolae
344 283 473 346 criiioae
496 283 531 346 in
554 284 660 348 codice
682 289 793 350 nostro
815 307 884 350 non
905 286 1120 352 inveniuniur

151 367 215 430 nisi
247 367 311 430 iria
341 371 463 450 puncta
491 369 549 450 (s.)
579 369 695 452 quibus
723 371 775 433 vel
807 373 893 435 totos
921 392 1031 434 uersus
1063 372 1118 435 vel

152 451 281 535 singula
301 451 400 515 verba
415 472 497 534 quae
517 452 578 516 sibi
600 456 751 536 corrupta
772 453 957 518 viderentur
977 455 1119 538 scriptor

149 536 291 618 notavit,
321 539 354 599 et
382 537 511 600 rubrica
538 535 595 598 illa
620 559 649 622 ip
676 538 766 601 cuius
793 559 905 602 causae
934 538 1040 602 minus
1069 539 1118 602 fa-

118 649 135 682 o
149 619 210 682 cilo
232 619 479 702 perspiciuntur.
519 618 654 684 Deletur
675 621 727 686 vel
748 623 876 704 punctis
898 624 1044 704 supernis
1067 623 1118 686 in-

149 702 291 768 fernisve
306 703 357 767 uel
379 703 412 766 id
428 702 515 786 quod
529 725 596 767 non
610 704 674 767 nisi
688 705 737 768 bis
759 709 847 769 terve
862 706 1007 770 invenies
1029 706 1120 770 linea

149 786 296 853 obducta.
318 786 541 883 Dislinguilur
554 792 675 871 puncto
691 788 810 872 duplici
826 788 895 853 sine
909 791 1034 854 ratione
1049 790 1118 874 ple-

147 873 428 1050 rumlllddeioiilliiir
456 954 521 1019 fuit
547 955 619 1019 Iani
640 956 812 1022 Parrhasii.
835 959 974 1033 namin
1001 957 1119 1022 ultima

147 1058 268 1121 pagina
300 1041 480 1103 atramento
513 1039 645 1104 flaviore
679 1042 798 1124 scripta
832 1042 985 1126 leguntur
1020 1041 1117 1105 haec:

147 1123 322 1187 Anionii
344 1121 560 1205 Seripandi
582 1145 627 1187 ex
648 1125 737 1189 Iani
758 1125 968 1189 Parrhasii
990 1129 1118 1190 lesla-

147 1210 293 1271 mento.
337 1206 418 1271 Post
439 1209 621 1272 Antonium
643 1231 728 1274 anno
752 1209 832 1274 1531
856 1214 1020 1274 mortuum
1041 1230 1119 1273 cum

148 1291 219 1354 aliis
251 1291 344 1355 libris
376 1290 600 1357 Parrhasianis
627 1316 647 1357 a
674 1294 774 1359 fralne
801 1293 1001 1378 Hieronymo
1032 1291 1119 1358 Seri-

149 1375 257 1458 pando
286 1375 441 1442 fratribus
463 1377 710 1462 Augustinianis
739 1378 779 1443 ad
801 1378 1031 1443 Carbonariam
1060 1376 1118 1440 do-

150 1463 246 1524 natus
279 1461 374 1524 huius
408 1460 535 1524 demum
568 1463 686 1525 saeculi
723 1463 816 1524 initio
857 1481 929 1524 cum
963 1461 1118 1524 omnibus

149 1543 314 1606 Parrhasii
342 1543 432 1605 libris
461 1547 494 1605 et
520 1541 645 1606 schedis
672 1544 707 1604 in
737 1542 963 1605 bibliothecam
990 1543 1135 1626 regiam-

151 1626 274 1689 delaius
308 1625 399 1706 estss).
443 1623 507 1688 Eas
543 1629 650 1688 autem
682 1625 812 1688 schedas
849 1625 905 1707 qui
936 1624 1119 1708 inspexerit

150 1708 291 1772 lannelli
313 1709 500 1792 opinionem
521 1707 643 1771 videbit
658 1709 746 1772 omni
767 1708 891 1774 ratione
915 1730 1032 1792 carere,
1058 1712 1118 1792 qui

151 1793 391 1873 conlendsrsffl)
408 1792 514 1874 ipsum
528 1790 733 1856 Parrhasium
754 1795 903 1856 nostrum
917 1793 1036 1856 librum
1058 1815 1115 1856 ex-

152 1877 301 1959 aravisse,
317 1896 511 1959 quamquam
526 1875 588 1940 hoc
603 1875 731 1959 quidem
753 1877 834 1940 mihi
848 1898 967 1961 negare
988 1898 1057 1940 non
1079 1877 1118 1941 in

151 1960 259 2024 animo
289 1964 351 2042 est,
379 1958 542 2024 Parrhasii
562 1963 722 2044 tempore,
744 1961 880 2026 forlasse
902 1961 1003 2045 ipsius
1025 1961 1117 2026 iussu

152 2043 292 2108 codicem
328 2044 483 2127 scriplum
515 2065 599 2108 esse:
628 2046 782 2110 nimirum
815 2068 883 2111 non
910 2045 1032 2110 addidit
1059 2045 1117 2110 ille

151 2131 230 2212 quoi
257 2128 395 2192 aureolis
423 2128 475 2191 vel
497 2127 674 2194 Mediolani
701 2131 753 2195 vel
774 2130 938 2196 Veicetiae
966 2128 1017 2196 vel
1045 2130 1117 2225 uli·

150 2215 785 2383 illisilaffissusslllluu
801 2213 1116 2380 alleluiu

150 2384 269 2464 tatum,
297 2379 382 2446 unde
409 2382 549 2446 conicias
571 2382 777 2446 Parrhasium
800 2381 850 2444 vel
881 2380 965 2445 dono
994 2381 1117 2446 librum

151 2466 309 2547 accepisse
338 2464 390 2528 vel
416 2486 509 2527 suum
536 2465 571 2527 in
599 2487 692 2528 usum
719 2464 997 2529 transcribendum
1025 2486 1118 2528 eura-

150 2550 243 2612 visse.
286 2551 336 2612 Ac
363 2548 499 2612 fortasse
531 2549 656 2612 iuvabit
683 2548 867 2612 meminisse
894 2549 1009 2612 intima
1037 2548 1117 2613 Par-

150 2633 295 2696 rhasium
330 2632 471 2697 amicitia
507 2632 716 2696 coniunctum
751 2632 850 2697 fuisse
883 2652 956 2695 oum
989 2631 1118 2696 Thoma

150 2716 298 2780 Phaedro
326 2715 558 2800 Inghirami5),
587 2715 674 2780 huno
707 2719 814 2779 aulem
843 2716 981 2780 saeculo,
1000 2716 1116 2797 quinto

150 2801 274 2865 decimo
297 2803 433 2864 exeunte
449 2822 488 2864 ex
502 2800 698 2864 monasterio
721 2798 874 2863 Bobiensi
900 2798 1038 2863 Romam
1060 2799 1118 2862 ad-

150 2885 273 2950 uexisse
289 2885 399 2966 libros,
421 2885 602 2967 intorques
622 2882 818 2948 Draconti
839 2883 992 2946 varium
1015 2904 1134 2966 opus.

154 2969 253 3032 fuisse
286 2968 555 3032 verisimillimum
583 2968 674 3052 esiss).
710 2967 795 3031 Illud
825 2973 933 3031 autem
960 2967 1116 3031 varium
1152 2986 1159 2994 ·

215 3105 241 3170 3)
260 3104 294 3156 de
312 3105 391 3156 libris
409 3105 552 3156 Parrhasii
561 3105 663 3170 optimo
674 3105 805 3156 disseruit
815 3103 947 3154 Calaldus
957 3101 1075 3154 Iannelli
1084 3104 1116 3154 in

148 3174 219 3225 libro
235 3187 314 3238 quem
332 3173 377 3222 ‘de
391 3174 450 3223 vita
461 3177 489 3222 et
505 3172 685 3237 scriptisAuli
702 3173 765 3222 Iani
779 3172 936 3222 Parrhasii’
959 3173 1117 3236 composuit

149 3240 234 3301 (edito
262 3241 297 3291 ab
324 3239 443 3290 Antonio
453 3239 573 3290 Iannelli
583 3240 701 3305 Neapoli
713 3238 940 3302 MDCCCXLIV)
954 3255 980 3304 p.
993 3241 1040 3288 157
1055 3251 1119 3303 sqq.

218 3305 245 3372 4)
265 3308 420 3372 catalogus
436 3308 504 3358 bibl.
523 3307 585 3362 Lat.
604 3312 658 3358 elo.
677 3324 703 3372 p.
723 3309 780 3358 172.

216 3373 243 3436 ὅ)
261 3375 382 3426 Iannelli
395 3373 500 3424 devita
514 3378 542 3423 el
555 3375 669 3439 scriptis
682 3373 746 3423 Auli
756 3373 820 3422 Iani
832 3371 973 3423 Parrhasii
991 3373 1115 3436 peaes.

216 3438 242 3501 6)
263 3440 297 3489 ef.
316 3441 469 3507 Raphaelis
491 3438 668 3492 Volaterrani
686 3440 745 3490 urb.
765 3454 860 3492 comm.
879 3438 926 3489 lib.
944 3439 982 3489 IV
1000 3453 1021 3487 a.
1041 3438 1059 3487 f.
1081 3439 1118 3488 ed

147 3505 276 3556 Francof.
288 3507 411 3560 MDCIII
429 3524 455 3573 p.
470 3510 518 3560 140
537 3504 628 3571 (quem
645 3507 734 3557 locum
751 3508 806 3556 iam
825 3506 960 3556 indicavit
978 3504 1117 3557 Arevslus
