2474 3886
482 207 506 255 v
530 209 671 258 rus-sea
1028 209 1066 273 ῃ

90 367 150 420 205
164 355 308 420 Diuitias
322 357 442 420 nimiae
457 377 582 439 semper
596 354 699 420 fecere
714 359 886 439 tyrannos:

164 441 251 504 Hinc
267 439 389 503 Marius
404 439 480 503 hinc
496 439 585 522 Sylla
598 439 686 504 ferus
701 441 778 505 hinc
785 439 890 506 Cinna
905 445 1065 525 eruentus,

164 524 244 588 Inde
259 524 324 589 fuit
339 528 468 604 Caesar,
484 523 661 589 dominatio
677 525 781 608 prima
798 529 936 590 senatus.

164 608 250 672 Nam
267 608 407 673 domitor
421 607 543 690 Libyae
558 607 718 698 bellorum
733 607 842 692 Scipio
858 611 982 674 fulmen

165 693 272 756 Fortis
287 693 416 757 adultus
431 692 535 756 adhuc
550 697 637 756 totos
653 694 709 777 qui
725 694 803 757 uicit
816 693 954 758 Hiberos

93 790 153 840 210
168 776 425 860 Hannibalisque
440 780 562 840 trucem
577 776 676 862 fregit
689 799 748 861 per
761 778 847 842 bella
860 777 1004 842 furorem

167 861 216 924 Ao
230 861 455 944 populatorem
469 859 635 925 Romanae
650 862 757 946 gentis
772 862 880 947 adegit

168 943 304 1010 Sorbere
318 945 521 1009 mortiferum
536 966 594 1009 ceu
608 946 725 1028 pocula
738 946 857 1011 blanda
871 968 1033 1011 uenenum

167 1029 212 1092 Et
228 1032 325 1112 caput
338 1027 516 1092 infaustum
530 1028 657 1113 legatus
672 1031 761 1094 uexit
775 1031 816 1094 ad
830 1032 952 1114 urbem,

168 1112 351 1177 Minturnas
367 1112 517 1196 depulsus
533 1113 610 1178 obit.
640 1115 713 1197 pius
728 1115 803 1178 indo
816 1113 970 1179 Camillus

97 1211 155 1260 210
171 1195 288 1261 Missus
303 1199 338 1260 in
353 1197 494 1279 exilium,
510 1218 570 1261 nec
585 1197 724 1263 Romula
737 1202 824 1262 tecta
838 1199 963 1264 uideret

168 1280 212 1344 Ni
228 1281 305 1345 satis
320 1281 458 1364 offerret,
474 1281 579 1346 uictor
593 1282 670 1346 licet
685 1283 759 1345 exul
773 1282 813 1345 ab
828 1285 917 1366 urbe,

170 1365 251 1430 Cum
267 1364 488 1430 Romanorum
504 1365 607 1429 Gallis
622 1365 741 1429 uexilla
754 1366 891 1447 tulisset,

169 1449 254 1513 Exul
270 1453 302 1513 01
317 1449 453 1513 extorris
468 1451 586 1514 meruit
601 1450 639 1514 de
655 1449 743 1514 clade
758 1450 968 1533 triumphum.

170 1533 334 1597 Mentibus
349 1533 499 1630 ingenuis
514 1555 640 1617 semper
652 1556 712 1617 pro
727 1534 799 1618 lege
814 1536 937 1598 tenete:

99 1631 157 1680 220
172 1616 310 1682 Solliciti
325 1639 454 1682 ueniam
469 1617 587 1684 debent
600 1640 728 1703 sperare
742 1622 891 1703 potentes

171 1701 280 1766 Securi
295 1723 337 1765 ne
351 1723 452 1787 regna
466 1705 588 1785 petant.
611 1704 667 1766 das
682 1703 749 1767 otia
764 1725 868 1786 seruo,

170 1785 249 1850 Mox
263 1786 345 1850 liber
360 1787 432 1850 uult
445 1807 514 1850 esso
529 1809 614 1850 suus.
645 1788 710 1850 iam
724 1809 820 1852 nemo
836 1787 964 1871 quietus
1082 1807 1111 1861 [p.
1126 1807 1158 1860 re]

170 1869 291 1934 Diuitis
306 1871 431 1934 insidiis
447 1871 576 1935 durabit
588 1893 729 1954 paupere
745 1893 846 1936 caeso.

141 2041 305 2163 Quaestio:
325 2093 371 2156 At
386 2091 526 2172 inquies:
547 2090 602 2156 sed
620 2091 688 2174 legi
707 2091 880 2174 parendum
898 2092 948 2157 ost
967 2108 1047 2172 quae

174 2180 284 2244 sanxit
296 2180 335 2245 ut
348 2180 402 2244 uir
415 2179 511 2245 fortis
525 2180 615 2262 optet
627 2180 801 2261 praemium
815 2178 899 2260 quod
912 2178 1010 2244 uolet.

175 2314 209 2380 Si
224 2317 311 2400 leges
325 2319 462 2380 tractare
477 2316 598 2400 placet,
615 2315 766 2379 ueniatur
780 2315 821 2377 ad
835 2314 921 2378 illas:

106 2413 161 2462 225
176 2401 325 2484 Accipiat
340 2400 553 2484 quodcunque
567 2399 648 2464 uelit
661 2400 713 2464 uir
726 2399 821 2463 fortis
837 2402 870 2463 et
885 2401 984 2481 optet.

174 2483 247 2548 Hoc
262 2485 352 2569 cupit
366 2488 399 2548 et
412 2506 544 2567 pauper,
560 2507 618 2568 pro
634 2489 712 2549 uoto
728 2483 838 2548 diuitis
853 2483 962 2565 instat,

176 2567 222 2632 Ut
236 2572 365 2633 maneat
379 2569 431 2632 lex
446 2569 512 2632 1212
525 2573 628 2653 rogat.
649 2569 786 2633 uenialis
802 2569 909 2652 imago
1010 2593 1014 2600 ’

175 2656 245 2716 Aut
258 2653 346 2716 ualet
361 2656 418 2715 aut
432 2655 516 2716 certe
532 2652 736 2718 simulacrum
752 2653 823 2736 lege
838 2655 1015 2735 perempta.

175 2736 303 2800 Interea
319 2758 386 2822 non
402 2757 476 2800 aera
487 2736 615 2819 micent,
632 2759 700 2802 non
714 2757 875 2800 marmora
890 2738 1034 2819 surgant,

110 2833 165 2882 230
178 2820 248 2886 Nec
263 2821 322 2884 sub
337 2820 408 2906 lege
423 2821 478 2903 pia
491 2820 586 2884 fortis
601 2842 688 2885 noua
702 2821 845 2904 praemia
882 2824 994 2883 uaerat

178 2903 266 2980 Quae
289 2904 420 2968 damnat
433 2927 508 2968 mox
524 2910 639 2987 sponte
654 2927 720 2969 sua.
748 2926 815 2968 non
837 2926 874 2967 su
897 2908 1006 2967 mouet
1020 2925 1078 2967 un-

846 3010 921 3052 uam

179 3072 276 3157 Legis
289 3077 383 3137 cauta
397 3073 488 3137 furor
502 3095 599 3157 quam
614 3073 693 3137 dant
705 3094 766 3157 pro
781 3010 875 3136 1211110
890 3070 1056 3154 triumphi.

182 3227 232 3278 205
250 3231 414 3292 corruptelae
431 3231 528 3292 srynem
543 3229 702 3291 praefixum,
726 3231 835 3291 spatium
857 3229 948 3276 nullum
965 3225 1080 3273 relietum

111 3301 151 3344 est
220 3295 271 3345 208
294 3294 450 3344 dominator
471 3298 633 3359 corruptelae
657 3302 718 3346 nota
741 3296 827 3344 20001ιί
847 3293 999 3358 praeposita
1017 3299 1055 3340 001
1075 3287 1079 3356 l

111 3361 221 3426 Lybiae
272 3361 394 3413 2161100
452 3364 502 3414 220
521 3369 651 3426 parentes
710 3359 881 3412 2230012111
937 3360 988 3408 220
1005 3357 1082 3408 110101

110 3445 184 3480 corr.
208 3445 244 3478 ex
266 3428 336 3478 uelit
410 3429 460 3480 228
477 3429 540 3494 lege
562 3432 588 3478 in
611 3446 704 3479 rasura
773 3430 823 3477 220
845 3430 962 3492 surgunt
1031 3427 1081 3476 232

112 3500 278 3561 corruptelae
296 3504 357 3547 nota
375 3499 461 3547 uersat
476 3499 598 3562 praestem
613 3494 617 3562 Ι
639 3496 721 3562 Leg'is

163 3581 298 3620 Dasoonrn
311 3578 421 3622 carmina.
864 3579 879 3628 2
