2474 3886
356 304 357 308 Ἴ
463 243 489 292 x
506 245 641 296 sos-aas
994 249 1033 312 71

134 393 284 478 Cingitur
298 397 332 458 et
346 396 454 477 postes
470 394 572 458 soceri
587 393 641 477 pia
656 398 741 458 serta
756 401 921 463 coronant.

132 479 210 543 Mox
224 478 384 543 thalamos
399 477 525 542 subiere
564 499 648 560 ares,
664 478 804 542 laetatur
816 479 913 545 Iason

133 563 278 646 Sponsus
293 565 325 626 et
340 562 376 625 in
391 561 502 626 castris
550 561 654 626 eneris
670 561 784 627 Medea
801 565 988 648 triumphat.

65 712 119 760 340
133 697 293 772 Quattuor
307 697 431 760 interea
445 695 595 760 Phoebus
610 700 811 783 transegerat
828 720 947 782 annos,

134 779 197 846 Sed
211 785 306 846 natos
320 779 434 844 Medea
449 779 529 844 duos
542 779 681 845 fecunda
696 781 812 846 marito

132 865 301 945 Ediderat,
317 885 390 928 cum
405 867 501 928 noete
515 864 623 930 iacens
638 866 778 948 suspirat
791 865 898 931 Iason.

132 949 203 1015 Nec
214 949 352 1036 gemitus
365 949 487 1012 latuere
498 969 642 1032 magam:
666 955 791 1033 ‘quam
807 951 931 1034 callide,
947 952 1033 1016 frau-

133 1117 267 1192 Quodue
288 1117 380 1180 nefas
395 1115 559 1181 molirisl'
582 1117 629 1180 ait
643 1123 728 1182 ‘non
743 1035 1016 1185 faillidnamantem.

67 1217 121 1266 345
133 1202 250 1268 Dulcia
258 1222 359 1299 'saepe
375 1200 455 1285 uigil
472 1204 673 1266 contrectans
688 1207 819 1284 pectora
835 1205 953 1268 coniux

132 1290 266 1371 Agnour
282 1307 357 1370 qula
372 1285 459 1349 furta
472 1306 565 1367 paras
581 1285 657 1368 quia
671 1291 779 1350 mente
793 1287 902 1372 fugaci

131 1371 314 1437 Infaustum
329 1368 552 1453 quodcumque
569 1369 673 1451 cupis:
697 1374 819 1434 secreta
832 1371 982 1453 polorum

133 1455 319 1540 Cognosce,
335 1455 362 1517 si
378 1452 509 1518 morbus
524 1453 599 1535 erit,
615 1452 643 1517 si
657 1453 743 1517 bella
756 1458 926 1537 parentur,

133 1539 169 1608 si
183 1539 273 1623 pluet
288 1541 344 1601 aut
358 1538 487 1601 flamma
502 1537 627 1600 caelum
640 1537 794 1602 rutilante
809 1545 970 1622 coruscet,

63 1639 120 1688 350
130 1625 176 1688 Mt
189 1629 226 1687 tu
239 1622 385 1686 Medeam
402 1621 502 1687 credis
518 1621 595 1705 quia
608 1621 711 1705 fallis,
726 1621 863 1688 lasonl’

134 1709 227 1772 Tune
241 1707 287 1770 sio
301 1705 480 1770 Aesonides
495 1705 641 1770 stimulet
655 1728 736 1790 quae
751 1728 827 1772 cura
842 1708 997 1774 medullas

131 1791 260 1857 Iudicat
274 1794 306 1854 et
319 1790 413 1874 pellis
428 1811 538 1854 causas
552 1791 607 1854 uel
620 1794 764 1874 ternpore
779 1794 871 1857 tanto

135 1875 229 1951 Quod
243 1874 343 1938 lateat
357 1875 460 1939 socios
476 1874 532 1958 qui
544 1875 608 1938 iarn
624 1875 669 1938 sic
677 1880 798 1960 regnat
812 1878 947 1962 amicus,

134 1959 370 2042 Consumptum
382 1980 477 2042 quem
490 1961 594 2023 morte
608 1964 728 2043 putant
740 1960 964 2046 planguntque
979 1984 1035 2046 pa-

776 2050 900 2111 rentes:

61 2149 119 2198 355
135 2134 308 2219 ‘Optarem
322 2129 465 2199 renidere
481 2150 569 2198 meos
584 2129 763 2216 iterumque
778 2133 897 2198 reuerti

131 2219 186 2283 Ad
201 2220 375 2302 thalamos,
392 2239 426 2282 re
450 2219 518 2301 ina,
533 2222 622 2300 tuos,
638 2219 816 2282 monstrare
831 2217 976 2300 Pelasgis

132 2303 219 2378 Quid
234 2303 352 2368 coniux
366 2240 449 2386 quid
457 2302 526 2366 fata
540 2302 678 2366 ualent'
708 2300 820 2366 Medea
837 2301 953 2365 marito

133 2388 223 2452 ‘Iam
238 2387 359 2470 pariter
372 2391 560 2470 pergamus‘
577 2386 624 2451 ait
639 2385 701 2450 ‘sic
716 2407 812 2450 aurea
826 2384 920 2470 pellis

133 2471 276 2536 Tollitur
290 2474 327 2534 nt
341 2470 463 2535 lateant
476 2474 604 2535 uastum
619 2492 691 2535 mea
704 2470 791 2536 facta
806 2471 998 2538 draconem.³

54 2571 120 2620 360
131 2555 270 2620 Dixerat
284 2559 316 2619 et
330 2557 438 2620 stratis
453 2555 578 2638 rapitur
592 2556 653 2620 sub
668 2560 763 2620 nocte
778 2554 896 2620 silenti.
1036 2630 1044 2638 Ι

134 2643 234 2704 Astra
248 2660 369 2704 uocans
385 2642 417 2702 et
431 2640 525 2724 signa
539 2640 626 2703 ciens
646 2639 735 2704 iubet
749 2640 806 2703 illa
820 2639 977 2723 Soporem

132 2723 186 2787 Ad
200 2745 315 2788 nemus
330 2723 502 2806 adpellem
516 2723 570 2786 uel
584 2723 740 2807 templum
755 2724 868 2788 Martis
887 2724 990 2788 abire:
1048 2747 1081 2796 [p.
1095 2745 1129 2796 aa]

130 2807 319 2872 Dormierat
333 2829 481 2891 serpens,
496 2807 591 2891 pellis
606 2808 769 2872 subtracta
783 2808 900 2872 marito

131 2891 285 2956 Traditur
300 2895 332 2956 et
346 2893 468 2975 pariter
481 2891 637 2976 fugerunt
650 2891 751 2955 fratre
765 2896 890 2956 necato.

50 2991 117 3042 365
133 2976 311 3060 Accipiunt
324 2979 418 3042 natos
434 2979 466 3040 et
481 2975 609 3061 singula
623 2977 762 3059 pignora
775 2979 917 3060 portant.

136 3200 187 3248 338
210 3197 331 3246 laetatus
354 3197 538 3248 caradocci.
609 3200 659 3248 343
682 3198 721 3248 Ne
790 3199 840 3248 349
864 3197 941 3248 coelo
965 3213 1034 3248 corr.

39 3265 166 3320 Bueclr.
253 3265 302 3314 351
326 3257 460 3314 Esonidas
480 3265 484 3327 Ι
505 3266 594 3316 forma
617 3280 685 3318 corr.
709 3265 805 3315 Bueeh.
896 3267 946 3315 353
969 3264 1034 3329 quia

39 3336 113 3388 354
133 3330 385 3396 consumptumque
404 3333 444 3380 cui
460 3335 623 3397 corruptelae
639 3334 736 3397 siparum
754 3333 866 3383 additum
883 3339 922 3381 est
985 3332 1035 3382 355

39 3396 210 3465 Optarem]
234 3414 316 3462 supro
342 3415 368 3448 rn
391 3401 489 3448 literam
514 3401 679 3464 corruptelae
701 3405 762 3450 nola
784 3401 855 3464 picta
878 3406 916 3449 est
985 3399 1035 3449 357

32 3473 126 3536 sort,
151 3470 217 3516 uota
240 3465 335 3516 Boset.
408 3465 713 3528 359T011atur1sata
790 3467 839 3516 362
865 3462 1034 3532 adpellem]

32 3541 126 3606 fort.
149 3549 182 3582 ac
201 3532 298 3585 Bacch.
366 3535 416 3584 365
432 3534 496 3596 sort.
517 3548 612 3584 secum
