2468 3888
185 209 221 256 v1
563 203 769 254 PRAEFATIO.

250 359 338 444 Opus
371 362 439 425 eius
471 381 528 444 per
559 359 699 424 medium
726 379 839 424 aevum
870 358 978 426 codice
1006 361 1139 446 quodam

186 447 332 512 coenobii
365 445 549 530 Bobiensis,
584 445 635 510 cui
666 447 717 510 tot
748 443 911 527 praeclara
941 446 1140 532 ingeniorum

184 535 393 597 monumenta
420 531 584 613 debemus,
616 533 776 595 servatum
804 551 876 594 cum
903 552 988 597 anno
1019 532 1142 596 14941

186 617 325 702 Georgio
358 615 506 681 Galbiato
543 619 626 680 esset
660 615 843 698 1111111111,
879 615 987 698 paullo
1021 621 1095 700 post
1124 640 1142 681 a

184 702 309 766 Thomu
343 700 557 787 inghiramio,
594 701 645 764 cui
679 699 816 764 Phaedri
853 704 921 764 erat
956 722 1140 787 cognomen,

185 787 377 872 descriptum
405 791 438 851 et
463 785 592 850 tandem
618 785 755 850 Romam
782 788 980 868 asportatum
1008 791 1071 870 est,
1106 808 1141 850 ex

207 894 248 937 uo
286 871 457 954 exemplari
493 871 623 936 ductum
659 869 745 934 aliud
781 871 978 952 comparavit
1011 871 1142 936 Iacobus

185 895 405 1023 dannanarius.
455 954 541 1020 Dein
577 955 767 1038 compluries
803 954 888 1019 idem
923 960 1140 1054 propagatum.

184 1043 257 1126 Ipse
279 1045 385 1107 autem
407 1038 597 1125 archetypus
612 1039 833 1125 Carolingicae
852 1043 888 1104 ut
902 1041 1028 1105 sudetur
1051 1041 1142 1106 aetati

185 1149 314 1210 compar
336 1130 369 1190 et
389 1125 505 1190 litteris
527 1129 673 1190 exaratus
688 1124 938 1210 Langobardicis
960 1147 1033 1190 eum
1051 1125 1142 1191 Bobii

184 1212 402 1296 remansisset,
425 1211 509 1276 eirca
529 1233 650 1276 annum
674 1210 756 1274 1700
774 1231 832 1293 per
845 1210 1070 1276 Bonnevalum
1090 1211 1142 1276 ho-

184 1298 304 1362 minem
320 1296 448 1362 Gallum
467 1297 660 1362 monasterio
683 1295 857 1360 subductus
878 1299 912 1360 et
931 1295 1142 1363 1111111181-

185 1383 280 1468 genio
307 1382 446 1467 principi
474 1382 609 1448 donatus
635 1381 690 1446 ubi
711 1401 798 1445 nunc
819 1384 975 1446 terrarum
997 1385 1085 1446 extet
1104 1419 1141 1429 —

184 1467 280 1533 modo
302 1471 439 1533 aetatem
460 1468 571 1532 tulerit
591 1507 642 1551 -,
668 1467 844 1551 ignoratur.
888 1466 938 1532 Ex
959 1467 1141 1552 apographo

184 1554 323 1638 quodam
354 1553 498 1635 illorum,
532 1575 613 1638 quae
645 1551 765 1636 passim
798 1572 836 1615 ex
870 1552 977 1616 codiee
1008 1551 1141 1617 Phaedri

185 1639 280 1703 ducta
311 1640 400 1720 sunt,
434 1660 461 1701 a.
496 1638 576 1702 1520
608 1635 775 1702 Bononiae
806 1635 968 1704 Iohannes
1000 1635 1143 1722 Baptista

184 1722 261 1787 Pius
286 1723 373 1806 typis
406 1743 589 1805 expressum
614 1721 729 1786 Rutilii
762 1743 889 1788 carmen
922 1722 1036 1805 edidit,
1071 1722 1142 1786 satis

184 1807 332 1889 fideliter,
356 1810 393 1870 ut
412 1829 471 1889 pro
493 1807 557 1871 illis
578 1807 790 1891 temporibus,
814 1807 869 1872 sed
883 1807 1058 1891 exemplari
1072 1829 1143 1872 usus

184 1891 290 1957 minus
317 1891 413 1957 bono.
462 1890 593 1958 Praeter
620 1893 707 1957 hunc
735 1893 821 1958 solus
849 1890 1036 1978 Onuplrrius
1066 1891 1142 1957 Pan·

184 1977 290 2041 vinius
318 1977 353 2042 in
379 1979 563 2044 recensione
591 2000 620 2042 1.
645 1977 726 2042 1558
753 1977 915 2061 publicata
936 1979 1092 2062 scriptum
1111 1978 1142 2042 in

184 2062 338 2128 auxilium
360 2064 487 2128 vocavit
508 2064 640 2147 librum,
667 2084 727 2126 nec
753 2063 838 2127 ultra
863 2063 988 2130 additos
1012 2063 1142 2148 abipso

184 2169 293 2214 versus
319 2148 340 2213 l.
368 2147 401 2234 I,
428 2149 596 2217 515-18.
629 2187 666 2196 -
700 2146 751 2212 Ex
782 2148 914 2233 reliquis
946 2151 1143 2234 superiorum

185 2235 382 2299 saeculorum
409 2235 598 2318 editoribus,
626 2234 742 2319 quibus
768 2234 837 2298 sola
863 2235 987 2319 ingenii
1014 2255 1144 2320 operes

184 2320 248 2384 luit
275 2318 412 2405 agenda,
443 2322 519 2386 satis
546 2320 683 2384 multum
703 2318 827 2403 profuit
847 2317 970 2384 Rutilio
992 2319 1143 2405 Iosephus

185 2404 325 2471 Castalio
349 2401 387 2491 [a.
413 2404 522 2493 1582],
550 2405 656 2469 minus
677 2403 845 2486 Pithoeus,
873 2402 1090 2490 Barthiusque
1115 2407 1145 2468 et

184 2489 444 2554 Almeloveenius
473 2488 512 2577 [a.
542 2489 632 2554 1590.
662 2488 753 2554 1623.
784 2487 892 2574 1687]‚
926 2511 944 2554 e
999 2490 1093 2556 uibus
1119 2489 1145 2554 is

185 2596 280 2659 quem
301 2573 405 2656 primo
427 2573 498 2638 loco
520 2574 695 2638 memoravi
709 2574 817 2657 potuit
831 2573 959 2659 quidem
973 2512 1144 2660 {inimum

184 2662 345 2744 praestare
360 2657 408 2721 illi
423 2658 451 2722 si
467 2658 501 2722 id
523 2658 654 2744 egisset,
676 2659 758 2724 alter
772 2681 810 2723 11
824 2681 913 2725 more
928 2682 986 2725 suo
1002 2660 1146 2726 oneravit

184 2743 292 2828 potius
313 2745 456 2830 poetam,
484 2765 579 2830 quem
607 2744 839 2811 emendandum
862 2745 1145 2844 explicandumque

185 2828 246 2894 sibi
268 2834 459 2914 sumpserat,
490 2853 586 2915 quam
614 2830 754 2914 ornavit,
782 2831 896 2895 tertius
944 2835 1145 2898 1111111111-

185 2913 273 3000 genii
295 2915 454 2998 aequabili
475 2915 694 2982 mediocritate
716 2917 752 2981 in
776 2937 928 2982 recensen
953 2916 977 2981 's
1003 2920 1145 2982 veterum

185 2999 276 3064 libris
297 2998 405 3083 potius
427 3001 553 3085 culpam
567 3001 683 3066 vitavit
720 3023 795 3066 uam
816 3001 943 3066 laudem
964 3002 1090 3068 meruit
1105 3038 1145 3050 -

186 3083 247 3151 Sed
274 3083 393 3184 optime
420 3086 553 3151 meritus
579 3090 628 3151 est
648 3085 687 3150 de
738 3086 846 3170 utilio,
875 3086 965 3152 cuius
992 3087 1145 3155 librorum

184 3169 335 3255 reliquras
358 3168 397 3258 [1.
416 3170 509 3259 1131]
531 3175 698 3254 poetarum
720 3170 894 3237 latinorum
916 3172 972 3257 qui
991 3175 1146 3240 vocantur

186 3256 347 3320 minorum
361 3254 518 3320 volumini
534 3256 626 3321 alteri
641 3256 790 3340 inseruit,
811 3256 927 3322 Petrus
946 3256 1145 3324 Burmannus

187 3339 227 3401 ob
255 3360 324 3402 eam
354 3361 422 3402 rem
450 3338 536 3421 quod
557 3338 598 3402 N.
620 3338 746 3402 Heinsii
774 3341 928 3424 plurimas
950 3344 1145 3409 coniecturas

186 3420 307 3504 publici
333 3422 411 3486 fecit
436 3421 515 3486 iuris
542 3421 630 3504 (nam
657 3421 765 3518 etiarn¹
781 3446 862 3506 quae
896 3427 986 3510 quasi
1018 3425 1147 3512 propria

187 3503 279 3569 affert
300 3508 480 3570 commenta
499 3524 538 3568 11
552 3508 643 3586 parte
659 3508 848 3572 certe1llum
862 3511 971 3593 potius
985 3517 1147 3579 auctorem

338 3821 408 3842 Α
