2474 3886
487 202 525 252 vr
543 195 653 254 'as-se
1009 201 1052 267 23

150 349 216 415 Uix
232 371 269 413 ea
283 349 369 414 fatus
385 371 481 433 erem,
497 349 603 414 subito
619 351 711 416 uenit
725 351 827 436 aliger
841 352 937 436 ignis,

152 438 214 500 011
229 433 351 498 micans
366 456 403 498 ac
417 434 525 499 fronte
540 435 651 499 minax
667 438 699 499 11
713 434 801 500 crine
817 447 988 501 coruscans

124 529 127 533 ’
149 518 301 602 Impubes
316 519 455 584 lasciuus
471 522 539 582 erat
554 519 605 584 cui
621 523 725 584 castra
738 518 899 603 uoluptas.

99 616 134 665 60
150 601 224 666 Ibat
239 603 274 666 in
290 603 480 687 obsequium
494 604 588 686 risus,
604 603 824 688 complexibus
839 603 976 668 haerens
1064 610 1086 663 11
1104 608 1138 661 ²41

149 686 240 752 Iusta
254 687 354 751 libido
370 687 436 752 coit
450 688 542 752 uenit
555 691 588 752 et
602 689 768 752 moderata
783 688 943 772 uoluptas,

152 769 296 835 Candida
309 771 470 856 legitimas
485 772 662 836 accendens
677 772 784 856 gratia
797 773 906 836 111111

153 853 309 938 Occurrit,
323 857 415 920 uenit
429 855 514 920 alme
528 856 607 920 fides
620 857 801 940 petulantia
816 857 961 941 simplex,

152 937 249 1003 Oasta
262 939 418 1022 pudicitia
431 940 577 1024 procedit
591 945 698 1004 mente
714 941 832 1025 quieta,

98 1034 134 1085 61
154 1022 318 1088 Sobrietas
331 1045 390 1108 per
405 1028 520 1088 cuncta
535 1024 615 1109 uigil
631 1019 749 1089 deuota
763 1025 905 1089 cucurrit

151 1106 196 1170 Et
210 1108 367 1192 quidquid
380 1109 482 1174 iustos
497 1109 591 1174 solite
607 1110 779 1174 comitatur
793 1121 934 1174 amores:
953 1177 957 1180 ,

152 1190 250 1255 Liber
263 1193 442 1276 pampineis
458 1197 591 1257 ornatus
606 1191 713 1257 fronte
729 1194 889 1276 corymbis

151 1274 258 1340 Intrat
272 1278 305 1339 et
319 1275 462 1342 uuiferos
477 1278 586 1342 uibrat
600 1298 696 1360 super
711 1299 730 1340 a
787 1277 842 1340 ina
856 1276 995 1360 thyrsos,

152 1358 223 1422 Pan
239 1360 370 1425 calamis
385 1362 520 1444 perflare
535 1360 637 1424 melos
653 1360 738 1425 Bacc
762 1382 862 1444 aeque
877 1360 978 1424 rotari

100 1456 136 1504 ἰο
153 1442 263 1508 Sileno
278 1445 416 1509 saltante
453 1445 560 1510 lacent
573 1444 775 1529 populosque
789 1465 920 1508 mouere
994 1479 997 1486 =

150 1526 191 1591 In
205 1528 409 1594 fescenninos
424 1468 572 1594 iiemitus
588 1533 620 1592 11
634 1528 752 1614 gaudia
767 1529 895 1592 mentis.

151 1612 268 1676 Adfuit
282 1613 406 1677 interea
421 1613 535 1697 prris
550 1614 704 1678 subnecte
720 1613 886 1697 columbis,

152 1696 299 1779 Apparet
313 1697 351 1762 de
366 1701 459 1780 parte
472 1698 541 1781 poli
556 1720 620 1782 qua
635 1699 801 1764 flammeus
816 1697 885 1761 axis

153 1777 308 1844 Uoluitur
322 1782 470 1846 australis
486 1783 690 1847 conlustrans
705 1782 844 1846 cardinis
859 1803 947 1846 oras:

102 1876 136 1925 75
154 1863 272 1929 Floree
284 1888 462 1949 purpureas
477 1867 662 1932 retinebant
675 1866 769 1930 frena
784 1865 948 1931 columbas

151 1947 197 2012 111
211 1971 285 2014 1111
298 1951 490 2015 blandifluas
505 1951 641 2015 rutilans
656 1952 807 2016 nectebat
821 1950 950 2031 abenas,

153 2032 238 2097 Lilia
252 2038 329 2100 sunt
342 2036 464 2100 inserta
478 2036 570 2117 rosis,
585 2037 662 2120 iuga
676 2034 812 2119 pulchra
827 2034 996 2099 uolucrum

153 2115 296 2182 Uerbere
310 2141 473 2203 purpureo
489 2119 604 2204 Cypria
618 2121 709 2183 iubet
722 2120 779 2200 ire,
795 2118 912 2202 iugalis

153 2199 304 2300 Remigat
318 2205 467 2268 ammotis
482 2205 656 2288 pinnarum
670 2203 836 2285 plausibus
851 2201 925 2264 ales.

102 2297 138 2346 80
156 2285 287 2351 Moema
300 2289 441 2371 respexit
455 2287 660 2373 Carthaginis
675 2286 760 2350 elma
775 2283 927 2368 Cythera:

155 2369 251 2435 ‘Illo'
268 2371 349 2436 dixit
365 2379 458 2436 ‘aues
474 2373 652 2438 conuertitc
668 2369 785 2434 mando
799 2367 938 2450 uolatus,

154 2451 298 2520 Uictoris
313 2457 440 2521 soboles
454 2455 543 2522 felici
558 2460 644 2521 sorte
659 2456 822 2540 iugantur,

153 2537 226 2602 Illic
240 2562 322 2622 pura
335 2541 413 2604 fides
428 2540 494 2606 illic
509 2541 680 2624 prudentia
695 2539 840 2624 simplex,

156 2619 312 2708 Coniugis
327 2626 363 2688 in
377 2626 500 2710 gremio
515 2625 628 2708 pietas,
644 2625 713 2688 sine
727 2621 840 2687 fraude
855 2622 1017 2704 uoluntas,

104 2716 139 2765 85
156 2705 234 2770 Non
249 2707 296 2772 ibi
310 2709 396 2772 liuor
411 2708 500 2793 edax,
516 2731 583 2773 non
599 2712 648 2774 cst
662 2708 747 2791 elata
760 2709 903 2790 potestas

154 2789 288 2857 Priucto
303 2793 363 2858 sub
378 2815 467 2858 more
481 2815 596 2878 gerens
612 2814 670 2857 sua
683 2793 755 2855 iura
768 2789 911 2855 modeste

155 2872 244 2948 Quae
259 2878 404 2942 mercede
420 2899 477 2942 sua
491 2878 611 2943 multos
626 2874 950 2960 coniunxitegentes,

154 2957 244 3024 Haec
257 2962 372 3046 inopes
387 2961 497 3026 dotare
512 2962 595 3026 solet
608 2961 662 3024 uel
675 2981 805 3045 pascere
821 2979 940 3043 egenos

155 3043 297 3129 Legibus
312 3050 346 3111 et
359 3046 478 3112 nostris
493 3046 595 3110 nudes
609 3045 728 3110 uestire
743 3043 894 3128 puellas’

159 3218 193 3266 10
212 3217 384 3282 amplexibus
402 3234 469 3270 corr.
483 3218 581 3268 Bueclr.
650 3217 684 3266 62
703 3215 840 3266 accedens
909 3215 942 3262 67
961 3211 1060 3261 corim-

88 3282 134 3333 bis
195 3283 229 3334 68
247 3291 340 3349 tyrsos
402 3283 746 3350 691111111111.111111.
809 3279 982 3344 represent]
1001 3293 1059 3328 ⁶⁰?-

88 3357 200 3414 rreplum.
236 3355 349 3402 conicias
376 3358 476 3416 parant
572 3354 604 3404 78
631 3350 739 3416 iugules
761 3363 830 3398 corr.
853 3347 951 3396 Buecll.
1026 3345 1059 3395 80

89 3415 213 3484 Cythera
259 3421 290 3469 81
311 3419 894 3485 11111111111111111111111111111111111
953 3413 986 3464 81
1005 3412 1060 3474 Qui

89 3486 279 3536 1111131111
