2474 3886
430 220 473 270 ΙΙΙ
492 223 532 270 19.
551 223 584 270 20
611 219 649 269 IV
669 223 752 271 1-53
1051 220 1071 283 9

170 368 272 434 Sibila
287 368 459 432 uibrabant
473 368 594 453 linguis
612 369 652 433 ab
668 368 762 433 dente
776 369 926 436 trisulcis.

170 454 289 518 Terror
304 456 373 516 erat
387 453 475 516 uisus
490 452 614 517 cunctis
629 453 817 536 sonitusque
832 453 1025 519 draconum:

121 551 153 600 25
170 539 258 614 Quos
273 537 421 601 manibus
436 537 543 601 ridens
559 537 731 621 compressi
746 537 900 621 paruulus
915 540 1035 610 ambos.

170 621 215 687 Hi
229 621 370 685 tribuere
384 620 465 684 mihi
478 622 619 703 primum
633 644 692 704 pro
707 626 811 686 morte
825 622 1041 706 triumphum,
1083 643 1115 690 [r.
1128 641 1151 690 s]

170 704 215 770 Et
229 706 343 787 letum,
358 725 425 769 non
440 704 573 788 praeda,
589 706 637 769 fui
652 707 786 770 Iunonis
801 706 950 773 alumnis.

171 790 290 854 Hostes
305 789 413 852 deesse
427 789 508 852 mihi
523 789 588 852 dixi
602 794 676 872 post
690 791 776 854 bella
790 791 909 873 leonis,

173 872 276 948 Quem
292 873 383 936 nullo
399 893 551 937 mucrone
560 875 635 957 ‘peti
649 896 709 939 nec
724 875 868 938 uestibus
883 875 959 938 ullis

121 971 156 1019 30
170 957 321 1040 Implicui
335 957 436 1021 frctus
452 957 614 1041 manibus,
629 980 690 1022 uec
704 980 834 1022 maurus
849 959 889 1022 ad
904 959 1008 1024 illum.

173 1041 272 1106 Cuius
286 1040 370 1124 pelle
385 1045 488 1125 tegor.
517 1063 605 1105 nunc
618 1041 747 1107 fortiter
761 1065 833 1106 ecce
847 1044 1016 1108 tabescens

172 1125 282 1189 Tertia
297 1125 381 1188 bella
396 1145 473 1209 gero
489 1146 570 1208 quae
585 1127 696 1190 caedes
710 1149 804 1210 passa
818 1132 1001 1212 resurgunt.

172 1209 225 1273 En
240 1209 359 1273 totiens
374 1229 526 1292 percussa
540 1210 608 1274 lues
624 1212 727 1295 magis
743 1212 850 1275 extitit
864 1213 979 1276 ardens

172 1293 217 1358 Et
230 1315 396 1376 nunquam
412 1293 585 1357 sternenda
598 1296 698 1358 uenit.
728 1317 787 1377 pro
803 1296 872 1359 fata
885 1295 1036 1359 nefanda.

121 1389 156 1439 35
172 1377 310 1442 Uincere
325 1377 416 1461 peius
432 1378 507 1459 crit,
522 1379 662 1460 propriis
676 1400 753 1442 nam
767 1379 891 1442 uiribus
905 1380 917 1442 i
941 1401 974 1442 se

172 1461 361 1545 Impuguor.
392 1482 505 1525 saeuos
520 1461 646 1545 gladius
661 1463 741 1526 milri
756 1463 901 1559 suggerit
918 1401 1041 1545 bostis,

172 1545 205 1610 N
207 1567 250 1609 on
264 1546 350 1628 rapit
365 1567 437 1609 ecce
451 1567 554 1627 meos,
571 1546 625 1610 sed
640 1547 764 1629 proelia
777 1551 865 1611 urata
878 1545 1044 1611 reformat.

172 1629 246 1694 Huc
256 1631 438 1712 quicunque
448 1629 636 1695 deus-frater
644 1631 725 1696 mihi
736 1653 878 1695 summus
889 1629 1027 1714 Olympo
1040 1651 1073 1694 es
1104 1703 1105 1706 Ἴ

172 1713 247 1777 Huc
262 1712 336 1776 ades
352 1717 384 1777 et
398 1714 507 1777 miseri
521 1715 652 1778 tandem
667 1737 815 1780 succurre
830 1715 968 1799 periclis.

121 1810 158 1860 40
173 1796 236 1863 Sed
251 1817 369 1880 quaeso
385 1798 496 1862 uenias
511 1799 637 1863 soboles
653 1804 690 1863 ut
703 1800 794 1864 nulla
807 1821 983 1882 nouercae,

175 1881 329 1956 Quamuis
344 1881 387 1944 sis
402 1881 511 1946 frater.
541 1883 606 1946 iam
621 1888 657 1946 tu
672 1904 820 1948 succurre
835 1883 984 1948 Minerua

174 1965 390 2048 Bellipotens,
405 1967 528 2048 patrius
544 1969 597 2031 cui
611 1967 731 2031 casside
746 1969 794 2031 ful
841 1969 1017 2050 retardor,

176 2047 264 2124 Quae
279 2049 383 2134 clipeo
398 2050 552 2115 rutilante
570 2055 678 2133 tonas,
701 2073 782 2135 quae
812 2052 936 2117 ulmina
950 2051 1074 2134 uibraS‚

174 2132 308 2198 Pectore
324 2134 453 2198 saxifico
470 2135 522 2198 cui
536 2135 657 2198 militat
670 2135 770 2218 impia
786 2135 929 2219 Gorgon.

121 2229 157 2278 45
173 2216 370 2282 Intemerata
384 2239 475 2282 soror
491 2218 529 2281 de
544 2217 666 2284 uertice
680 2221 779 2282 missa
793 2219 964 2302 Tonantis,

175 2301 291 2367 Sudori
305 2323 453 2368 succurre
468 2325 550 2368 meo.
580 2303 696 2385 quibus
711 2301 834 2366 artibus
849 2323 970 2386 angues

173 2386 388 2471 Extinguam,
407 2387 462 2468 qui
477 2389 592 2470 sponte
609 2389 725 2470 petunt
739 2387 901 2451 mucronis
917 2387 1075 2452 acumen?

175 2469 223 2534 Ut
232 2475 380 2534 crescunt
390 2472 595 2555 gaudentque
610 2472 693 2535 mori
703 2472 772 2535 fera
783 2469 880 2535 corda
890 2471 1075 2537 draconum.

176 2553 276 2618 Caesa
290 2555 418 2638 uigent,
436 2555 517 2618 alter
531 2557 635 2640 surgit
650 2555 688 2620 de
703 2557 837 2620 uulnere
852 2578 992 2639 serpens.

123 2650 160 2699 50
176 2637 356 2702 Consilium
369 2638 451 2702 mihi
465 2640 559 2724 uirgo
576 2639 677 2704 dedit:
699 2641 775 2723 quia
789 2661 899 2705 mucro
916 2641 1042 2704 laborat

174 2722 356 2805 Incassum,
372 2721 479 2806 gelida
494 2723 630 2788 flammis
646 2745 742 2788 exure
758 2745 885 2788 uenena

175 2805 219 2870 Et
233 2810 392 2888 praestem
404 2829 477 2871 cum
491 2811 594 2872 morte
605 2829 712 2894 rogos,
729 2812 825 2890 caput
837 2829 932 2873 omne
946 2813 1077 2891 perurat

175 2890 266 2974 Ignis
306 2890 385 2954 edax
429 2913 613 2976 anguesque
653 2897 796 2957 crement
822 2896 902 3039 post
941 2893 1077 2957 uulnera

729 2999 733 3010 ·
846 2999 980 3042 ammae,

180 3231 214 3278 24
235 3226 333 3279 Terret
410 3232 442 3280 27
466 3230 552 3294 preda
617 3233 665 3282 ⁴30
687 3247 798 3282 maurus
821 3234 983 3296 corruptelae
1005 3231 1077 3295 signo

105 3301 217 3348 notatur
295 3299 327 3348 31
350 3297 496 3349 tabescent
516 3298 612 3348 Buecb.
633 3305 699 3352 coni,
718 3300 865 3350 tabescens
945 3297 1077 3348 soluens

104 3365 144 3416 36
164 3363 271 3427 gladios
291 3380 359 3414 corr.
372 3364 469 3414 Bacch.
529 3367 562 3416 38
580 3366 632 3416 hoc
647 3364 650 3430 l
664 3370 745 3430 pater
756 3367 823 3416 mihi
835 3379 955 3416 summus
968 3363 1077 3428 olympo

105 3446 142 3482 os
160 3440 230 3480 corr.
250 3431 346 3481 Bueeb.
416 3433 450 3482 40
471 3447 557 3496 queso
626 3436 657 3484 51
682 3437 715 3484 In
738 3449 832 3484 casum
901 3433 933 3481 52
956 3437 1077 3496 praetem

105 3498 216 3550 delendi
231 3500 304 3564 signo
322 3515 335 3548 r
352 3499 429 3550 litero
445 3507 535 3550 notato
601 3509 662 3566 post
679 3504 713 3552 53
730 3502 822 3564 legitur
844 3493 932 3557 Τέλος
