2474 3886
493 173 561 224 VIll
578 175 713 226 363-425

183 325 386 392 Circumfusa
400 324 477 407 rati,
496 327 658 388 nautarum
674 326 772 389 turris
786 347 941 409 aquarum

180 410 305 475 Pendet
320 412 352 473 et
366 409 442 473 elati
456 409 636 491 percellunt
651 409 781 474 carbasa
795 411 930 475 fluctus.¹

183 494 336 578 Obriguit
349 516 407 578 per
420 494 564 557 membra
577 493 684 576 Paris,
700 495 837 558 transire
851 497 987 578 parabat

180 579 233 642 Ad
247 578 428 663 legatorum
443 578 575 661 propria
590 577 628 642 de
645 600 728 642 naue
744 579 876 644 carinas.

116 675 168 725 400
179 665 243 727 Ast
256 663 312 726 ubi
327 663 485 746 dispersos
501 661 601 746 longo
616 662 705 726 uidet
720 684 857 746 aequore
873 663 988 748 Troas,

181 746 326 812 Soluitur
340 747 376 810 in
391 747 529 831 gemitus
544 746 731 824 lacrimosae
746 747 836 811 uocis
852 769 976 812 amaros

179 831 224 897 Et
239 833 285 896 sic
300 853 391 895 orsus
407 831 467 894 ait:
491 830 594 894 ‘felici
609 836 694 894 sorte
710 832 809 896 creati

179 915 330 980 Pastores
346 937 426 998 quos
441 919 528 978 terra
542 915 628 998 capit
643 937 726 999 quos
738 916 829 980 nulla
843 917 985 1000 procella

181 999 342 1065 Concutit.
360 999 447 1063 haud
455 1000 548 1082 ponti
557 1003 706 1064 metuunt
714 1022 811 1084 super
819 1002 1080 1084 aequorafiuctus

115 1097 166 1147 400
177 1084 222 1150 Et
236 1084 383 1148 rabidum
397 1081 696 1168 pelagus'temnunt
711 1084 903 1149 latrantibus
918 1085 1028 1170 undis,

180 1168 243 1233 sed
258 1168 341 1233 celso
358 1167 396 1232 de
411 1172 522 1232 monte
537 1167 649 1232 uident
663 1172 700 1232 ut
714 1169 748 1232 in
764 1191 835 1233 arce
851 1170 997 1234 sedentes
1088 1185 1119 1234 [a
1133 1184 1167 1233 54]

178 1253 304 1318 Pascua
317 1275 393 1316 rura
406 1275 519 1317 nemus
534 1250 641 1316 fontes
657 1256 690 1315 et
704 1253 838 1316 flumina
852 1258 958 1336 prata,
973 1307 977 1314 .

179 1337 243 1401 Per
258 1359 387 1420 campos
402 1337 519 1422 gestire
534 1357 645 1419 pecus,
660 1337 799 1418 pendere
815 1337 953 1420 capellas

180 1421 359 1504 Praerupta
372 1421 411 1485 de
427 1442 506 1504 rupe
521 1421 635 1503 procul
650 1419 780 1484 dumeta
794 1425 978 1505 sequentes,

113 1519 166 1570 410
177 1505 222 1570 Et
236 1506 354 1569 uirides
368 1506 507 1570 tondent
520 1505 649 1568 lasciuia
664 1504 813 1569 dentibus
828 1504 958 1589 herbas,

180 1589 290 1654 Ubera
304 1590 459 1654 lactentes
474 1589 677 1654 contundunt
691 1589 853 1654 frontibus
869 1591 960 1674 agni,

177 1675 266 1738 Dum
281 1673 381 1738 cauda
397 1675 556 1757 crispante
571 1677 716 1738 tremunt
731 1675 884 1758 mollique
899 1676 1008 1758 palato

179 1759 351 1841 Exultant,
367 1763 479 1842 potare
495 1758 583 1822 cibos
597 1761 694 1842 atque
709 1759 801 1845 edere
816 1763 912 1842 potus

178 1842 335 1907 Mulctrae
351 1843 517 1906 balantum
533 1842 689 1924 depressis
704 1843 803 1906 ubera
817 1845 973 1908 mammis.

111 1940 166 1989 415
178 1927 361 1992 Decedente
377 1927 427 1990 die
442 1926 547 1990 noctis
562 1927 766 1991 uenientibus
781 1927 902 1992 umbris

180 2011 326 2086 Quantus
342 2033 447 2093 amor,
473 2033 545 2074 cum
561 2011 644 2075 lacte
659 2033 746 2076 nouo
762 2012 826 2075 iam
842 2033 952 2076 caseus
968 2012 1078 2076 albens

178 2095 351 2160 Formatur
364 2096 577 2177 manibusque
588 2096 706 2178 premit
719 2095 769 2158 lac
782 2098 894 2178 pastor
905 2094 945 2158 ad
958 2096 1078 2179 orbem,

181 2178 325 2244 Candida
339 2173 511 2243 summittit
525 2179 688 2243 feruentes
704 2179 820 2241 bucula
833 2183 943 2242 tauros

181 2263 425 2347 Committitque
441 2263 536 2328 duces
552 2267 674 2326 armata
688 2262 797 2326 fronte
813 2263 978 2326 iuuencos.

111 2361 165 2410 400
176 2348 209 2412 N
211 2371 262 2411 am
274 2349 383 2432 grauis
396 2353 445 2412 est
455 2369 590 2431 regnare
602 2347 703 2429 labor,
715 2350 820 2410 metus
832 2347 952 2411 excutit
962 2347 1078 2431 ingens

181 2431 287 2497 Corda
301 2433 417 2498 ducum
431 2455 473 2496 ne
488 2433 574 2496 bella
587 2437 684 2495 ruant
698 2453 738 2494 ne
754 2431 819 2495 tela
833 2431 998 2495 minentur

178 2517 323 2581 Exitium
339 2516 481 2598 crudele,
498 2518 585 2580 necis
600 2517 698 2580 timor
714 2516 818 2580 omnis
833 2515 951 2599 ubique
968 2519 1025 2580 est.

178 2601 264 2665 Nam
279 2601 403 2686 gladios
418 2602 532 2664 tellure
547 2604 669 2684 pauent
683 2601 862 2684 pelagoque
879 2599 1036 2683 procellas

177 2684 368 2750 Formident
382 2706 442 2748 nec
456 2685 554 2768 plena
567 2685 662 2748 datur
676 2684 764 2747 ducis
779 2683 860 2748 hora
875 2685 998 2768 quieti?

111 2781 165 2831 425
178 2767 265 2834 Dum
272 2770 425 2852 loquitur,
436 2769 527 2833 uenit
538 2769 624 2833 unda
633 2768 741 2853 grauis
750 2772 943 2851 resonatque
949 2769 1079 2853 fragore

182 2926 231 2975 397
251 2940 300 2989 per
318 2924 424 2976 coelum
443 2939 511 2975 corr.
524 2923 622 2973 Buecl.
640 2939 671 2970 ru.
689 2924 728 2973 rlr.
798 2923 848 2972 402
867 2923 961 2973 foelici
1028 2926 1079 2974 404

111 2995 162 3042 aut
179 3007 249 3042 corr.
264 2989 318 3040 [Μ
382 2999 443 3055 post
460 2993 510 3041 409
528 3006 618 3040 recusas
636 2992 737 3040 uidetur
752 2993 862 3054 peritsse
880 3008 933 3040 eum
950 2993 1079 3054 particula

108 3059 192 3110 uerba
206 3061 282 3119 finita
300 3067 404 3122 repente
467 3061 518 3108 410
536 3057 651 3106 tundent
669 3074 737 3107 corr.
757 3057 776 3107 Ι
781 3057 809 3106 Μ
870 3061 916 3108 411
938 3058 1079 3108 lactentes

109 3125 292 3178 0000140000.
357 3129 407 3176 414
424 3125 546 3176 Mulcere
565 3140 632 3175 corr.
647 3124 745 3176 Bueeh.
757 3125 880 3190 mulgere
892 3126 909 3174 Ι
916 3127 946 3176 Μ
960 3129 965 3188 Ι
980 3123 1078 3187 palmis

108 3197 274 3258 seripserunt
291 3193 309 3242 I
315 3194 347 3242 M
403 3195 453 3245 415
471 3193 542 3242 diem
561 3209 630 3244 corr.
649 3193 700 3242 [Μ
758 3195 808 3242 419
827 3197 868 3242 uel
886 3197 1023 3254 corruptus
1040 3200 1079 3242 cst

108 3277 203 3312 uersus
220 3265 263 3311 uel
278 3269 339 3324 post
351 3277 404 3310 eum
422 3263 542 3312 nonnulla
555 3261 714 3310 ecciderunt.
771 3263 822 3310 420
840 3261 920 3310 labor
932 3261 1007 3308 etium
1019 3265 1079 3326 unte

107 3343 232 3393 regnare
249 3331 373 3391 seriptum
390 3336 430 3378 est
450 3330 498 3378 sed
519 3335 671 3391 eaepunetum
739 3330 789 3377 421
810 3326 916 3376 Cordus
934 3342 1002 3376 corr.
1026 3325 1043 3374 I
1049 3327 1081 3377 M

108 3398 161 3446 422
180 3396 293 3446 Exitum
310 3410 378 3445 corr.
397 3395 415 3444 J
420 3396 451 3445 M
461 3393 466 3459 1
485 3395 546 3444 neci
563 3411 631 3445 corr.
650 3395 746 3446 Buech.
765 3411 796 3447 m.
814 3395 854 3444 rt.
923 3397 973 3444 423
992 3394 1079 3458 pella-

110 3478 203 3528 goque
272 3464 323 3512 424
342 3463 419 3526 queti
436 3479 506 3514 corr.
526 3462 581 3510 ΙΜ
