2474 3886
187 233 228 298 70
281 231 284 236 ·
605 231 735 282 nauus

252 383 400 448 Funerea
414 381 474 445 sub
489 383 585 444 nocte
601 378 703 462 canit,
719 379 765 442 sic
780 377 875 442 anxia
889 377 998 442 nutrix

187 480 238 528 310
250 466 391 552 Ingemit
406 469 438 530 et
451 463 605 529 tremulas
620 462 772 528 diffundit
789 465 912 526 maesta
926 461 1093 608 puerellm.

252 551 397 616 Nuntius
412 551 536 613 interca
550 551 673 612 maesto
688 547 779 612 uolat
794 569 848 611 ore
863 551 932 610 sate
945 546 991 610 les

252 636 305 700 Ad
319 655 428 719 regem
444 634 615 698 subuectus
630 653 713 715 equo
720 681 728 713 ‚
743 635 917 714 natamque
931 634 1072 714 tyranno

252 719 380 784 indicat
393 720 508 804 ignoto
524 717 644 801 passim
658 716 806 800 nupsisse
821 715 948 780 marito.

251 803 395 887 Exponit
409 802 547 886 genitor.
578 802 623 864 sic
639 800 801 884 quondam
815 800 916 865 tristis
931 801 1068 884 Agenor

187 901 236 950 315
251 887 401 953 Concidit
414 887 565 970 Europae
580 885 688 950 senior
701 884 867 950 fraudatus
883 905 990 948 amore

252 971 334 1036 Oum
349 971 488 1035 nesciret
502 970 605 1034 adhuc
620 991 774 1054 generum
790 969 943 1034 meruisse
958 967 1143 1032 Tonantem.

252 1055 314 1122 Iro
337 1057 425 1120 dolor
445 1077 566 1119 numen
580 1055 684 1137 pietas
699 1054 820 1118 iniuria
834 1074 971 1138 regnum

254 1139 445 1207 Concutiunt
465 1138 685 1223 franguntque
706 1138 827 1221 uirum,
849 1138 939 1202 iubet
953 1158 1043 1201 arma
1058 1135 1146 1200 mini·

898 1222 983 1302 stris,

253 1309 402 1392 Coniupii
415 1329 492 1372 nam
506 1307 594 1371 fama
609 1307 721 1371 ducem
736 1305 882 1390 rapiebat
896 1306 932 1369 in
946 1326 1048 1369 enses,

189 1407 239 1454 320
252 1393 332 1458 Cum
344 1415 465 1476 poenas
477 1396 661 1475 mortesque
671 1394 774 1474 parat,
786 1388 982 1454 uenitIndus
991 1389 1032 1453 ad
1045 1389 1149 1452 aulam

251 1478 348 1542 Liber
363 1481 395 1541 ct
410 1477 540 1562 egregia
555 1476 742 1559 compressit
757 1496 836 1539 uoce
850 1473 1027 1539 furentem:

253 1561 323 1626 ‘Sic
337 1561 412 1642 tibi,
429 1565 551 1624 rector’
568 1561 614 1624 ait
630 1563 788 1624 ‘mentem
802 1559 945 1643 possedit
960 1557 1067 1622 inanis

251 1644 417 1728 Rolligio?
441 1645 486 1708 sic
501 1644 620 1728 pignus
635 1665 723 1708 amas
738 1647 775 1708 ut
789 1644 854 1708 tela
867 1642 1046 1727 parentur?

253 1727 337 1803 Quid
352 1728 457 1792 furis?
481 1732 629 1812 exspecta
644 1728 752 1793 dulces
768 1727 806 1792 de
822 1728 912 1811 prole
927 1728 1071 1811 nepotes

190 1825 239 1874 325
254 1811 462 1897 Uirginitatis
478 1835 559 1877 onus
574 1812 690 1877 melior
703 1812 841 1877 tolerare
857 1811 1004 1876 sacerdos

251 1895 283 1961 N
285 1918 328 1962 on
343 1897 465 1980 potuit,
482 1897 633 1960 feruescit
647 1919 773 1961 amans:
798 1901 830 1960 et
845 1899 933 1960 casta
947 1895 1054 1960 Diana

252 1981 420 2045 Pastorem
437 1981 583 2046 confessa
598 1982 732 2046 uirum'
763 1981 842 2046 haec
858 1981 955 2044 Liber
969 1979 1086 2044 aiebat.

254 2064 440 2131 Mulcentur
453 2065 518 2130 iam
534 2066 630 2131 corda
645 2065 734 2130 ducis
748 2069 921 2149 natamque
935 2069 1096 2150 tyrannus

251 2149 375 2236 Purgat
389 2154 422 2215 et
436 2151 597 2236 extemplo
613 2150 744 2215 Medeae
759 2149 870 2215 laudat
884 2171 1037 2214 amorem.

189 2249 239 2296 330
251 2233 304 2300 sic
319 2237 438 2300 meruit
452 2237 581 2300 ueniam
599 2256 754 2320 generum
769 2234 935 2298 confessus
951 2233 1113 2315 Achilles,

252 2318 304 2384 Sic
318 2325 411 2404 pater
425 2321 554 2404 ignouit
567 2319 761 2402 Lycomedes
777 2322 905 2401 pectore
920 2323 1030 2400 natae,
1057 2343 1061 2355 ·

97 2419 128 2468 [a
142 2418 177 2465 ⁸8]
254 2404 299 2468 Et
312 2405 473 2487 Pyrrhum
488 2405 628 2485 suscepit
643 2425 722 2466 auus
737 2404 924 2500 gremioque
939 2405 1094 2485 nepotem

254 2487 352 2551 Fouit
367 2490 400 2550 et
415 2487 455 2550 ad
470 2487 601 2550 Troiam
614 2491 688 2569 post
703 2487 838 2551 crrmina
852 2486 940 2550 misit
955 2485 1105 2550 Achillis.

254 2569 301 2634 Ut
316 2569 436 2653 Scytha
450 2571 595 2634 mollitus
609 2570 728 2635 blanda
744 2571 864 2655 pietate
879 2571 1033 2652 mitescit,

191 2667 240 2715 335
254 2653 331 2718 Mox
346 2656 436 2720 iubet
450 2659 487 2718 ut
501 2675 656 2740 generum
672 2657 724 2719 uel
739 2655 858 2740 pignus
873 2677 907 2718 re
933 2655 958 2718 's
973 2654 1013 2717 ad
1029 2653 1141 2718 aulam

253 2737 410 2823 Deposito
426 2742 549 2803 terrore
563 2744 690 2804 uocent.
720 2744 798 2804 tunc
813 2740 903 2824 regia
930 2760 1008 2804 auro
1067 2829 1076 2838 „

257 2909 306 2960 317
323 2925 379 2976 sqq.
399 2911 486 2960 codem
503 2913 657 2962 undenorum
670 2913 740 2961 circu
759 2914 889 2962 literarum
907 2912 1042 2960 interuallo
1055 2925 1072 2958 u
1088 2925 1162 2959 mar·

187 2978 246 3042 pirre
268 2982 384 3027 reuocati
404 2984 470 3027 suut.
504 2981 632 3042 supplens
648 2978 744 3030 Buect.
815 2980 865 3030 31⁷
887 2995 920 3028 an
938 2978 1034 3042 regni?
1109 2979 1163 3028 319

188 3043 332 3108 rapiebant
352 3044 479 3110 rapiebat
497 3063 513 3112 y
582 3047 632 3096 324
656 3047 710 3108 Qui
732 3062 801 3100 corr.
820 3045 918 3098 Bacch.
987 3047 1037 3095 227
1059 3048 1164 3096 toleru-

189 3111 238 3162 cire
258 3111 373 3173 sortasse
397 3112 501 3177 agebat
521 3112 641 3176 (Burri.)
711 3115 761 3166 328
784 3119 843 3164 ante
865 3117 1015 3177 natamque
1037 3115 1164 3177 leporum

189 3183 258 3228 nant
280 3180 328 3230 sed
350 3185 488 3243 repuncta.
528 3185 696 3244 nautamque
717 3181 817 3232 scribas
839 3187 942 3246 oportet
964 3181 1014 3230 nisi
1035 3195 1168 3230 amorem

189 3247 335 3363 rAiprlritqlciurc
357 3252 477 3298 amatum
498 3263 580 3329 curras
657 3251 705 3300 331
730 3249 850 3299 innotuit
870 3246 1054 3298 Licomcdes·
1110 3251 1167 3327 333

188 3329 306 3431 Bdedt.s
331 3317 734 3447 eogdgtddanyddm·d(ddtdddr.
752 3325 813 3432 {idue
831 3316 1024 3448 lucidam
1037 3320 1170 3434 diffidi

189 3447 229 3573 dds
247 3450 403 3580 ῗοηῖρίἳίιιις
415 3466 464 3515 quo
481 3451 625 3500 adiunctum
638 3455 675 3499 est
694 3451 763 3514 quod
778 3452 804 3499 in
820 3453 934 3514 marpine
947 3453 1040 3515 reputer
1053 3449 1171 3502 electio

215 3526 245 3560 or
260 3549 265 3559 .
285 3528 344 3564 ccc
358 3531 388 3565 ro
