2474 3886
481 215 506 264 v
526 215 657 264 iis-ur
1013 211 1053 276 15

149 367 271 428 Annua
286 362 445 426 nobilium
459 363 642 446 praestabat
655 361 771 424 funera
784 361 913 444 templis

85 460 136 511 150
151 448 355 530 Saturnoque
371 443 440 510 seni
455 467 572 530 pueros
587 446 748 508 mactabat
762 446 801 508 ad
817 467 897 528 aras,

149 532 269 596 Tristia
282 531 496 614 plangentum
511 528 685 593 foedabant
700 551 756 594 ora
770 533 950 614 parentum.

148 615 221 680 Hoc
236 616 287 679 uir
301 615 396 678 fortis
411 614 495 698 agie,
512 613 679 697 rapientur
693 614 816 677 uiscera
830 617 944 696 matri,

148 700 194 763 Et
207 699 292 784 perit
306 701 382 762 ante
398 699 508 762 oculos
523 698 680 781 genitoris
694 697 813 782 pignus
828 701 970 761 amatum

148 786 217 847 Aut
230 783 352 866 populo
368 785 534 866 spectante
550 781 666 846 cadet?
694 804 768 846 cum
782 781 880 845 Troia
894 782 1029 866 periret,

83 879 134 929 155
150 866 252 931 Filius
267 865 416 930 Aeacidis
430 866 483 929 uel
498 865 617 930 uindex
632 865 776 949 Pyrrhus
792 865 931 930 Achillis

148 953 236 1015 Ante
251 950 360 1014 oculos
374 949 496 1013 Priami
511 949 668 1034 percussit
682 953 777 1014 nocte
793 949 923 1014 Politen

147 1035 233 1098 Belli
248 1035 317 1098 iure
332 1033 453 1102 furens.
483 1037 593 1098 tamen
608 1034 688 1099 ultio
706 1035 804 1119 digna
818 1035 920 1098 relata
934 1040 992 1118 est,

147 1119 164 1184 I
187 1140 220 1182 se
235 1118 468 1202 Neoptolemus
483 1119 583 1188 iacuit
595 1139 764 1201 percussus
779 1118 820 1182 ad
835 1140 920 1182 aras:

148 1141 294 1277 <dualiter
307 1203 455 1286 impietas
471 1224 504 1266 se
520 1201 678 1284 uindicat,
693 1203 791 1286 impie
807 1203 920 1268 uictor.

81 1300 133 1349 160
149 1285 233 1362 Quid
248 1287 359 1351 matris
397 1287 497 1350 atriae
512 1285 729 1350 uenerandum
743 1287 862 1370 polluis
877 1287 1006 1350 arcem?

146 1371 187 1436 In
202 1391 267 1454 qua
279 1309 401 1454 templd
416 1370 537 1453 sedent,
553 1369 609 1434 ubi
623 1371 757 1434 numina
772 1390 867 1454 saepe
882 1371 1007 1453 precati

146 1454 319 1538 fleximus,
335 1459 372 1518 ut
386 1477 496 1539 sospes
510 1454 637 1518 rediens
652 1457 686 1518 et
699 1455 805 1519 uictor
817 1455 853 1519 in
868 1454 965 1518 armis

147 1538 301 1622 Oaptiuos
315 1543 390 1622 post
402 1539 488 1604 bella
501 1540 634 1604 trahens
651 1542 683 1603 et
696 1539 830 1604 uulnere
845 1539 946 1603 lassos
1017 1565 1022 1576 ⁴

145 1623 289 1688 Intrares
327 1624 439 1690 atrium
447 1673 456 1708 ‚
472 1645 514 1688 ne
528 1645 644 1687 saeuus
659 1624 804 1688 uinceret
817 1623 920 1688 hostis

80 1721 131 1770 165
147 1706 211 1782 Qui
226 1647 380 1772 scandens
394 1729 504 1772 muros
520 1709 606 1772 ciues
620 1707 759 1772 laniaret
770 1709 807 1772 in
823 1710 909 1772 urbe.

145 1791 218 1856 Hoc
233 1796 351 1856 matres
366 1792 520 1876 puerique
535 1795 669 1889 rogant,
684 1792 747 1856 hoc
762 1793 833 1875 ipsa
848 1795 1005 1874 senectus,

147 1874 329 1961 Uirginitas
343 1876 406 1941 hoo
421 1879 509 1940 casta
523 1875 699 1960 pet1t‚‚hoo
715 1898 837 1961 pauper
852 1876 974 1940 adorat.

78 2129 246 2202 Quaestio:
270 2132 315 2195 At
328 2131 468 2212 inquies:
489 2130 545 2196 sed
557 2147 679 2212 pauper
691 2131 840 2196 inimicus
854 2103 1048 2196 insidianter
1062 2156 1093 2207 a.
1107 2157 1142 2206 ru

278 2220 385 2302 potuit
399 2218 436 2284 dc
450 2220 552 2284 morte
567 2217 681 2284 diuitis
696 2219 849 2300 cogitare.

144 2369 180 2435 si
193 2373 316 2454 potuit,
331 2373 471 2437 uoluisse
486 2376 574 2455 puta.
604 2393 680 2436 nam
695 2372 764 2435 uita
777 2370 919 2455 potentis

143 2453 176 2519 N
178 2477 221 2520 on
236 2457 318 2520 iacet
331 2456 456 2521 insidiis
472 2457 536 2520 nisi
551 2456 661 2520 diuitis
677 2459 777 2540 atque
787 2455 962 2539 propinqui

76 2551 130 2602 170
146 2541 215 2603 Aut
229 2544 313 2604 certe
328 2541 356 2604 si
371 2544 497 2624 sceptra
510 2540 625 2625 uigent
640 2541 699 2604 sub
714 2541 799 2625 regis
816 2539 905 2604 auari

142 2623 294 2707 Imperio.
323 2624 443 2690 fortem
457 2625 588 2690 timidus
602 2623 756 2690 formidet
771 2628 803 2689 et
817 2623 943 2706 horret,

144 2707 178 2773 N
179 2730 222 2772 on
237 2709 331 2773 fortis
345 2709 465 2786 lassum
483 2709 593 2773 timuit
607 2730 666 2774 nco
682 2710 771 2774 diues
784 2712 941 2793 egentem.

144 2791 270 2856 Debilis
285 2797 318 2858 et
330 2815 454 2877 pauper
467 2793 573 2864 nudus
587 2793 753 2858 mendicus
768 2813 889 2878 egenus

145 2874 247 2950 Quem
258 2877 376 2941 macies
389 2899 539 2962 suprema
548 2881 648 2961 tenet,
664 2899 760 2962 quem
774 2876 898 2962 frangit
912 2880 1047 2962 egestas,

76 2973 129 3024 175
147 2957 242 3024 Unde
257 2983 370 3026 necem
383 2963 492 3045 potuit
505 2984 628 3046 pauper
644 2965 781 3026 tractare
796 2961 983 3046 potentisi,

144 3043 239 3109 Solus
252 3045 321 3115 abit
335 3068 397 3129 pau
424 3067 459 3110 er
472 3068 532 3111 nec
547 3069 581 3112 se
597 3046 813 3129 circumspicit
828 3067 972 3130 unquam

140 3127 212 3193 Nec
225 3129 320 3194 timet
334 3069 468 3194 insidias
484 3153 609 3214 semper
622 3131 704 3194 bene
719 3131 867 3195 conscius
881 3130 1003 3194 insons.

123 3377 126 3382 Α
147 3319 196 3368 152
216 3321 381 3385 corruptelae
398 3327 459 3369 nota
475 3315 617 3383 praefixa!
636 3327 696 3382 post
712 3319 822 3369 uiscera
840 3320 930 3367 literae
948 3315 1049 3380 corrupi-¹

608 3394 637 3422 en

67 3438 178 3487 ciuntur
195 3438 222 3483 tr
293 3403 341 3485 155
360 3435 465 3486 sucidis
535 3438 583 3486 159
601 3437 728 3500 impietas
799 3403 848 3484 l't2
874 3429 977 3496 timuit]
992 3433 1049 3496 for·

66 3513 145 3554 tasse
165 3501 273 3556 metuit.
292 3505 350 3553 uide
368 3521 392 3552 u.
412 3505 460 3554 178
