2468 3888
190 215 242 262 XII
568 209 774 258 PRAEFATIO.

189 367 275 431 Num
307 369 340 430 et
373 364 457 428 idem
491 363 590 428 semel
617 366 853 447 pentametrum
880 364 964 429 binis
990 364 1146 429 vocabulis

191 455 336 515 constare
358 471 470 532 pessus
492 451 541 513 est
564 446 604 535 [1,
627 446 702 534 450]
726 449 786 512 ita:

377 533 655 616 Bellerophonteis
678 532 962 616 sollicitudinibus3

190 621 317 705 qualem
339 619 416 684 alibi
438 620 473 684 in
495 619 610 682 litteris
631 618 740 682 latinis
762 619 907 682 invenire
929 640 980 683 me
1002 641 1071 684 non
1091 641 1149 682 me·

189 705 279 769 mini.
302 703 451 768 Videnda
468 708 577 768 tamen
592 724 673 786 quae
689 701 825 767 diximus
840 703 861 766 1
877 725 910 768 n.
924 723 1000 788 pgg.
1016 704 1088 770 459.
1103 704 1146 768 60.

252 789 473 872 interpunctio
501 791 576 871 post
602 791 838 870 pentametrum
855 789 989 873 gravior
1009 789 1149 873 neglecta

190 899 218 939 v.
241 875 319 957 520,
343 873 398 938 sed
419 877 531 956 parata
553 873 662 955 venia;
686 872 726 936 cf.
750 872 778 936 d.
802 895 826 936 r.
849 896 891 937 m.
914 873 991 956 231,
1015 873 1046 938 2.

254 958 416 1034 Quantum
431 958 471 1021 ad
486 957 685 1040 synhaeresis
700 957 751 1021 vel
767 957 939 1022 dihaeresis
954 958 1057 1042 leges,
1072 957 1149 1021 nihil

190 1044 222 1108 di
269 1067 324 1107 um
351 1044 505 1107 memoria
531 1043 594 1105 nisi
622 1041 708 1125 quod
729 1041 888 1126 Harpyias
916 1043 966 1106 bis
994 1043 1149 1126 quaternis

191 1065 321 1212 syllhbis
348 1126 599 1192 (11611116111166.

252 1213 341 1278 Idem
371 1213 546 1296 plurimum
581 1211 801 1276 observantiae
832 1211 867 1280 in
900 1212 1032 1276 elisione
1062 1232 1149 1295 parce

192 1302 346 1382 cauteque
383 1295 580 1362 admittenda
617 1295 800 1376 collocavit,
835 1318 931 1380 quam
967 1296 1034 1360 fere
1070 1297 1148 1360 intra

189 1383 329 1467 primum
365 1382 585 1446 choriambum
619 1381 797 1444 hexametri
834 1381 1067 1464 pentametrive
1103 1380 1148 1444 vel

191 1473 340 1552 quartum
372 1467 485 1551 pedem
512 1487 622 1534 versus
650 1465 808 1550 longioris
840 1466 1013 1531 consistere
1042 1466 1148 1530 661611.

190 1553 302 1637 Itaque
324 1553 375 1617 his
397 1553 502 1616 solum
522 1551 601 1615 locis
623 1554 749 1634 praeter
770 1551 907 1634 primam
924 1550 1054 1635 quidem
1068 1551 1148 1616 arsin

191 1641 223 1702 et
244 1641 334 1701 extra
355 1658 517 1700 caesuram
535 1636 661 1700 vocales
682 1635 797 1719 longas
819 1635 871 1699 661
893 1636 928 1698 in
949 1658 982 1699 m
1004 1639 1149 1700 exeuntes

191 1721 291 1804 elisit,
321 1741 479 1804 nusquam
505 1724 614 1784 tamen
634 1719 805 1802 productas
827 1721 939 1784 finales
961 1720 1150 1804 qualescum-

193 1827 255 1891 que
269 1806 336 1870 sive
352 1805 522 1888 dactylicus
536 1804 587 1868 vel
598 1805 812 1888 pyrrichiacas
824 1805 859 1868 in
868 1828 913 1889 lm,
926 1827 955 1888 6,
971 1827 991 1869 6
1005 1809 1150 1870 exeuntes

190 1894 342 1975 sequente
375 1890 474 1954 16661.
524 1889 700 1953 lambicum
728 1891 918 1955 vocabulum
952 1889 1150 1954 imminutum

190 1976 288 2125 pates
310 1976 345 2040 in
367 1975 527 2040 antitheto
550 1979 583 2039 61
599 1975 862 2040 concurrentibus
878 1975 1042 2040 vocalibus
1056 1974 1150 2038 isdem

213 2112 222 2143 ⁷
342 2145 408 2209 sive
429 2145 492 2210 loci
514 2145 646 2229 ingenio
669 2165 724 2208 seu
747 2143 869 2208 domini
891 2145 1005 2228 geni03

191 2235 286 2315 atque
313 2231 359 2295 ita
386 2230 559 2314 liquefacta
586 2229 685 2313 longa
705 2228 810 2292 finalis
832 2229 1041 2311 praecedente
1065 2229 1150 2311 diph-

191 2316 314 2401 thongo
337 2316 372 2379 in
393 2316 524 2380 nomine
546 2315 677 2398 proprio
700 2313 730 2396 1,
755 2314 832 2379 615:

285 2400 360 2464 inde
383 2399 588 2464 Triturritam
609 2399 722 2462 Pisaea
744 2419 783 2462 ex
801 2397 883 2461 urbe
906 2419 1062 2463 reversus.

253 2485 356 2549 Elisio
379 2483 414 2546 in
436 2484 536 2548 altero
559 2482 752 2566 pentametri
773 2482 977 2547 hemistichio
1000 2482 1099 2548 nulla.

253 2567 428 2632 Positionis
456 2568 508 2631 lex
535 2583 622 2715 quae
645 2567 760 2634 dicitur
788 2589 841 2650 ea,
873 2588 937 2650 qua
965 2565 1154 2634 severissimi

190 2656 335 2716 auctores
357 2651 434 2714 artis
455 2651 519 2735 661,
566 2673 604 2717 66
626 2655 736 2717 estne
758 2652 962 2735 copularetur
981 2653 1088 2718 brevis
1104 2671 1154 2715 66-

191 2737 268 2800 66116
298 2736 332 2800 in
367 2736 454 2801 exitu
485 2737 579 2802 metri
612 2737 718 2820 posita
749 2737 812 2801 nisi
845 2738 1035 2822 insequente
1069 2738 1153 2802 muta

191 2843 263 2886 cum
285 2820 406 2904 liquida
427 2827 554 2905 praeter
575 2842 634 2908 gn,
657 2843 737 2888 neve
760 2821 871 2887 eadem
888 2844 1042 2906 umquam
1056 2819 1153 2906 porri·

191 2909 329 2991 geretur.

253 2989 425 3056 Productio
449 3013 596 3058 caesurae
618 2991 651 3058 61
674 2991 785 3058 effecta
806 2992 905 3056 nulla.
