2474 3886
187 213 230 278 48
595 212 747 262 nnnsrm
802 227 804 230 ·

252 362 393 446 Imperio
409 361 565 444 compelle
580 364 652 442 tuo,
670 381 877 444 properemus
893 358 1069 445 adsequor

188 460 238 509 555
249 447 294 512 nt
308 450 402 511 uacet
416 446 536 511 auersis
551 466 745 510 concurrens
759 447 855 510 turba
868 446 1047 510 ministris?

251 532 295 597 Et
310 532 355 596 515
369 531 438 596 fata
451 531 564 594 uolens
579 552 615 594 ra
638 531 776 612 1155555
791 529 874 594 55115
889 530 1036 614 tyranni,

251 616 320 680 Iam
335 615 456 679 Priami
472 636 544 678 cum
559 553 648 681 claris
663 635 778 678 nurus:
801 614 847 678 515
861 618 953 700 terga
968 615 1097 680 iuuenci

250 701 417 783 Europam
431 720 565 782 rapuere
581 698 632 762 dci
647 720 720 762 curn
734 699 881 782 Iuppiter
895 699 964 782 ipse

251 785 376 849 Taurus
392 782 580 866 Olympiaca
593 781 747 866 produxit
760 804 882 847 cornua
895 783 1018 866 fronte,

190 881 240 930 555
251 867 440 933 Fulmineus
455 870 566 932 uector
580 867 723 932 sobolem
737 866 971 932 famulantibus
985 867 1080 931 undis

253 951 379 1018 Gaudet
395 951 592 1036 Agenoricm
607 951 756 1016 caelestia
771 951 855 1015 55115
869 956 1057 1036 grauantem

254 1035 335 1102 Cum
351 1035 469 1101 (ladmi'
478 1040 636 1121 cognatus
651 1057 750 1118 aquas
764 1034 849 1099 freta
864 1056 982 1121 magna
996 1041 1128 1101 secaret.

251 1120 340 1206 Ergo
357 1120 413 1184 ubi
427 1121 577 1204 peruenit
591 1123 702 1202 raptor
715 1120 862 1184 turbatus
878 1120 918 1184 ad
933 1141 1054 1202 aequor

252 1203 297 1272 Et
311 1205 387 1269 11551
402 1204 575 1268 exhaustus
590 1225 684 1268 cursu
698 1204 752 1269 551
768 1203 910 1287 pondere
926 1204 1042 1286 155555,

189 1301 239 1351 555
252 1288 315 1365 Qui
330 1293 458 1374 gratum
472 1290 623 1372 portabat
638 1310 735 1372 onus,
756 1293 865 1353 tamen
890 1289 960 1372 1555
975 1287 1156 1354 Lacaenam

102 1403 175 1455 [aar]
253 1374 364 1439 Litore
379 1395 448 1438 non
462 1374 571 1456 posuit
585 1373 690 1438 media
704 1373 759 1438 sed
774 1385 882 1456 puppe
897 1373 1031 1456 locauit,

253 1458 379 1524 Nautes
394 1458 468 1521 uela
481 1458 592 1522 leuant·
606 1463 639 1522 et
653 1458 748 1522 remis
764 1462 869 1522 castra
882 1460 1063 1522 mouentur.

253 1543 443 1607 Adueniunt
458 1541 592 1606 collecta
606 1563 720 1605 manus
738 1543 802 1606 iam
818 1542 917 1606 classe
932 1546 1055 1606 remota

252 1626 298 1692 Et
312 1627 463 1708 quatiunt
478 1647 589 1690 omnes
604 1626 719 1708 palmis
734 1627 769 1690 15
784 1625 878 1690 111555
892 1625 1032 1708 frontes,

190 1722 240 1772 570
249 1710 346 1774 Nunc
359 1709 469 1794 'galeas
484 1730 571 1774 5555
585 1709 651 1773 1515
665 1710 760 1773 simul
776 1709 968 1794 clypeosque
983 1713 1134 1776 tonantes

253 1794 432 1859 Proiciunt.
460 1794 551 1857 55511
565 1795 634 1877 1555
649 1794 764 1858 551555
779 1816 837 1878 555
851 1817 927 1859 5555
941 1795 1074 1860 maritus

255 1877 392 1943 Sudanti
405 1881 576 1960 peruectus
591 1899 689 1962 equo,
705 1900 800 1962 quem
816 1881 950 1944 nuntius
965 1880 1101 1944 horrens

252 1961 408 2047 Fregerat
423 1961 464 2026 ad
480 1961 624 2045 Cyprum
636 1965 820 2028 uenientem
835 1986 926 2029 sacra
940 1963 1054 2028 dicare.

253 2045 300 2111 Ut
314 2047 481 2131 conspexit
495 2069 605 2112 amens
621 2048 738 2112 sulcari
752 2049 915 2132 puppibus
929 2047 1031 2112 undas

190 2144 240 2193 575
253 2132 297 2197 Ε1
311 2131 470 2196 thalamos
486 2135 610 2217 gestare
626 2155 715 2216 5555,
732 2132 862 2196 55111555
877 2133 982 2197 555515

252 2217 394 2301 Ingemit
409 2217 557 2282 51115555
573 2221 742 2301 extorquet
756 2217 876 2282 uertice
893 2217 1006 2282 crines.

252 2300 421 2385 Hyrcanae
437 2302 482 2365 sic
497 2323 591 2384 saepe
607 2302 714 2366 551551
728 2323 786 2384 555
801 2302 894 2366 deuia
907 2303 1008 2387 tigres

252 2386 381 2450 Affectu
396 2385 582 2449 stimulante
598 2387 684 2469 rapi,
700 2407 772 2449 cum
787 2386 927 2470 pignora
941 2391 1043 2450 mater

252 2468 363 2533 Perdit
377 2473 410 2532 et
424 2469 514 2532 elusa
526 2469 638 2533 feritas
653 2471 771 2552 pietate
786 2471 918 2534 nocenti

190 2565 240 2613 585
250 2551 405 2634 Raptoris
421 2553 566 2616 sectatur
576 2553 653 2637 iter,
677 2554 815 2638 uestigia
830 2555 942 2620 sollers

252 2635 438 2719 Insequitur
451 2636 624 2719 praedonis
639 2638 714 2722 equi
729 2639 861 2702 sessoris
877 2638 999 2721 anheli,

253 2721 315 2784 Ast
330 2720 385 2784 ubi
400 2725 496 2785 15555
509 2743 625 2805 parens
640 2726 803 2787 transacto
819 2723 952 2787 flumine
967 2721 1062 2788 natos

254 2803 384 2869 Secerni
400 2807 568 2889 conspexit
582 2807 688 2890 aquis,
704 2806 788 2871 redit
799 2808 877 2871 orba
893 2808 1003 2872 dolore

259 3027 309 3076 554
327 3041 504 3091 properarint
523 3044 592 3078 corr.
611 3029 628 3078 I
634 3029 666 3078 M
719 3030 768 3079 555
787 3030 823 3078 Ε1
839 3034 941 3079 555515
959 3029 1043 3079 155515
1061 3027 1163 3080 195555.

190 3109 221 3142 m.
239 3094 279 3143 55.
298 3097 433 3158 proposuit
451 3099 478 3143 51
496 3103 580 3146 55551
603 3097 708 3147 5555515
778 3098 827 3146 556
846 3097 953 3158 tyrreni
1027 3098 1075 3148 561
1097 3113 1162 3162 gra·

190 3167 301 3210 nentem
322 3175 439 3226 grauate
454 3161 473 3210 I
476 3162 506 3212 M
566 3165 616 3214 563
631 3166 767 3228 perucmit
779 3180 848 3214 corr.
862 3163 878 3212 I
884 3163 917 3212 M
929 3163 933 3228 Ι
948 3165 1075 3214 turbatur
1088 3180 1161 3214 corr.

190 3227 207 3277 Ι
214 3229 243 3278 Μ
304 3231 353 3280 570
372 3231 495 3278 tonantis
514 3235 644 3282 sonantes
662 3231 679 3280 Ι
685 3231 715 3280 Μ
783 3233 831 3282 571
852 3230 979 3281 Punicitt
1003 3237 1070 3282 1555
1088 3247 1161 3282 corr.

192 3295 247 3344 IM
318 3299 538 3361 eraproueetus
563 3297 656 3349 Bueot.
680 3299 772 3348 55515.
848 3301 1035 3350 5745555551
1108 3301 1163 3350 575

191 3362 303 3415 harenis
377 3367 426 3416 577
448 3366 565 3430 Η55555
583 3382 652 3418 corr.
672 3366 744 3423 IMl
759 3373 854 3432 tygres
928 3368 977 3418 578
996 3366 1162 3418 stimulante

190 3444 260 3483 corr.
279 3448 314 3481 ex
333 3432 486 3482 stimulanti
544 3435 591 3483 581
613 3435 715 3485 sessori
732 3449 801 3484 corr.
821 3434 874 3484 IM
930 3436 980 3485 582
1000 3439 1163 3487 transactos

189 3496 291 3547 iumine
374 3503 423 3551 583
446 3501 506 3566 quis
529 3503 608 3564 equis
626 3502 678 3552 IM
696 3506 781 3566 inepte
