2474 3886
543 218 823 272 conrnoonasm

80 355 164 448 ¹³13*
237 368 331 444 Quod
346 370 448 434 scelus
464 371 526 453 est,
541 369 693 434 iuuenis?
708 369 812 433 socios
827 369 862 432 in
876 368 962 433 bella
975 373 1074 434 tueris

235 454 280 518 Et
294 459 379 518 ciues
394 455 429 519 in
443 475 522 538 pace
536 473 647 517 necas:
664 453 741 536 quid
754 453 824 517 fata
838 453 970 517 minaris

174 551 223 599 120
237 537 342 621 Impia
356 538 569 623 supplicibus,
585 538 663 621 quid
677 538 840 602 funestare
855 536 1037 620 triumphos

236 621 412 688 Contendis
426 626 501 706 post
515 622 600 685 bella
613 625 688 685 tuos
703 624 735 686 et
749 621 889 686 luctibus
903 621 1042 704 imples?

235 706 305 771 Nec
318 707 423 792 pudor
438 710 487 771 est
501 706 640 770 uariasse
655 705 750 769 uiro?
781 707 818 770 de
834 706 904 769 ciue
917 707 1113 789 trophaeum

235 791 340 856 Nemo
355 791 573 875 triumphator
587 791 695 874 rapuit
708 810 769 854 nec
784 791 819 854 in
833 790 947 854 arbore
963 792 1075 856 cristas

234 875 348 940 Erexit
362 875 545 959 quicunque
561 875 646 939 cruci
662 874 836 957 suspendit.
866 875 975 959 imago

171 972 220 1020 125
235 958 354 1024 Uestra
368 963 465 1043 caput
480 960 575 1042 ciuis,
590 981 701 1023 manes
716 963 876 1023 mereatur
891 963 923 1022 et
937 961 1093 1024 umbras?

233 1041 373 1108 Uirtutis
388 1047 514 1108 uestrae
529 1043 728 1109 circumdent
741 1044 856 1108 funera
870 1047 985 1108 testem

233 1127 277 1191 Et
290 1127 385 1193 fortis
400 1128 570 1192 simulacra
584 1128 646 1192 uiri
662 1127 756 1192 ciuile
772 1128 908 1192 cadauer

232 1211 363 1276 Polluat
378 1234 414 1277 ac
428 1216 539 1296 putres
555 1211 722 1276 effundant
736 1233 808 1276 ossa
821 1211 1001 1277 medullas?

233 1294 375 1362 Uictoris
390 1299 486 1383 genio
502 1298 591 1362 sanie
607 1318 680 1361 cum
694 1298 769 1361 tabe
784 1296 918 1361 litetur?
965 1309 968 1314 “

171 1391 220 1441 130
234 1379 357 1455 Quaere
372 1382 584 1447 sacerdotem:
606 1382 716 1445 ueniet
731 1380 866 1444 crudelis
881 1380 1047 1445 Erichtho

231 1465 321 1530 Haeo
336 1471 384 1531 est
399 1470 474 1549 apta
487 1468 552 1530 tuis
567 1466 714 1530 antistita
729 1466 857 1529 saeuior
871 1466 943 1549 aris,

233 1548 320 1623 Quae
336 1549 454 1614 calidas
469 1551 574 1632 rapiat
587 1550 684 1612 fibras
698 1549 862 1632 pulmonis
877 1548 1003 1632 anheli,

232 1631 368 1697 Sorbeat
383 1637 528 1717 ereptum
542 1634 595 1698 uel
610 1633 770 1698 morsibus
785 1634 842 1697 illa
856 1634 997 1697 cruentis

231 1714 294 1780 Uel
308 1717 440 1781 uiuente
455 1718 543 1782 iecur
558 1719 609 1781 uel
624 1739 680 1783 cor
694 1739 768 1782 cum
781 1718 919 1800 palpitat
932 1719 1032 1781 intret

168 1811 216 1860 135
231 1800 392 1866 Dentibus
412 1802 578 1866 obscaenis
593 1803 706 1888 lingua
719 1803 881 1866 lambente
895 1802 1041 1884 palatum

230 1883 389 1950 Prostrati
404 1887 493 1950 ciuis.
522 1887 602 1951 haec
618 1887 684 1950 sint
696 1891 754 1951 tua
768 1908 916 1970 munera,
932 1885 1059 1951 uictor?

228 1968 346 2033 Hostia
359 1970 434 2034 talis
450 1975 516 2055 eat,
531 1971 606 2035 talis
621 1971 682 2035 tibi
697 1971 828 2036 uictima
841 1971 977 2054 parcat?

231 2051 280 2117 Sit
293 2057 350 2118 tua
364 2055 516 2119 terribilis
530 2054 677 2120 Phalaris
693 2077 751 2119 ceu
765 2059 876 2119 taurus
891 2054 1022 2140 imago?

71 2154 102 2202 u.
117 2153 151 2202 1⁵]
229 2137 366 2203 Taurica
381 2139 519 2207 crudelis
533 2140 621 2204 mitis
635 2143 745 2204 tamen
757 2161 815 2204 ara
829 2137 953 2203 Dianae
1024 2151 1030 2160 “

166 2231 216 2282 140
229 2221 298 2287 Nec
314 2222 438 2288 Busiris
453 2229 547 2290 atrox
560 2228 610 2289 Ae
677 2225 742 2288 tius
757 2223 812 2288 ille
828 2228 994 2288 cruentus:

228 2304 322 2372 Solus
338 2310 425 2372 enim
439 2331 497 2393 per
510 2310 632 2392 templa
664 2330 737 2372 eum
752 2309 822 2372 sine
834 2313 936 2372 morte
951 2308 1130 2393 propinqui

228 2390 325 2455 Sacra
337 2393 527 2476 peregrinus
542 2393 685 2456 funestat
699 2396 732 2456 et
746 2393 871 2457 aduena
885 2396 1021 2475 tantum,

225 2473 371 2539 Inlaesus
385 2497 462 2539 nam
477 2477 557 2540 ciuis
573 2480 650 2540 erat.
681 2480 734 2560 tu,
749 2477 869 2560 uictor,
885 2477 996 2560 inique

227 2548 399 2622 Sardorum
416 2560 472 2644 qui
487 2582 577 2625 sacra
590 2562 708 2644 probas
723 2564 756 2625 et
770 2561 898 2626 moenia
912 2560 1022 2627 foedas

164 2653 212 2702 145
228 2641 334 2706 Lauro
350 2643 456 2707 cincta
469 2648 527 2709 tua
541 2647 657 2710 uestris
672 2649 787 2710 ornata
802 2646 938 2710 coronis.
1034 2651 1037 2656 '

226 2725 337 2790 Insula
351 2727 492 2792 delubris
505 2732 656 2794 natorum
671 2730 755 2794 colla
769 2731 905 2812 secabat,

225 2809 365 2876 Uerticis
380 2811 465 2877 unde
480 2834 604 2878 comam
619 2834 697 2878 uera
709 2814 831 2897 pietate
846 2817 996 2897 parentes

225 2893 352 2960 Inlaesa
367 2897 490 2962 ceruice
504 2901 640 2964 metunt.
669 2897 830 2984 Carthago
846 2898 982 2963 duorum

229 3101 279 3150 124
298 3101 367 3150 ciuis
385 3117 452 3152 corr.
463 3101 557 3153 Bueelr.
571 3105 684 3168 sequitur
701 3117 796 3152 manes
809 3108 947 3154 mereatur
966 3105 994 3152 et
1012 3103 1124 3156 umbras

159 3168 207 3218 ced
223 3175 376 3232 expromam
444 3171 493 3220 125
515 3173 541 3220 in
563 3172 635 3220 initio
654 3186 743 3220 uererer
764 3170 876 3220 uirtutis
898 3172 990 3233 ἱερέων
1010 3173 1059 3222 aed
1076 3188 1127 3223 ecr-

158 3241 276 3296 punctum
299 3236 303 3296 Ι
327 3241 423 3287 uestra
444 3253 539 3288 rasura
559 3253 628 3288 corr.
652 3253 666 3287 e
688 3241 781 3288 uestro
868 3239 915 3288 127
942 3239 1030 3302 portis
1053 3255 1126 3290 corr.

160 3300 254 3352 Buecb.
314 3305 363 3356 130
381 3303 479 3362 arieto]
498 3309 660 3368 corruptelae
676 3307 750 3368 aiano
767 3311 887 3356 actatum.
905 3306 993 3355 eadem
1005 3312 1033 3355 ut
1049 3307 1124 3357 uide-

159 3375 201 3417 tur
222 3385 296 3420 manu
318 3374 344 3421 in
365 3375 478 3437 marytre
500 3373 657 3434 adscriptum
678 3379 718 3421 eat
745 3370 844 3422 allecto
932 3374 980 3421 131
1003 3373 1126 3426 antistis

159 3437 208 3486 137
225 3443 322 3500 parcat
333 3446 481 3504 corruptum
495 3437 611 3500 farturae
627 3451 708 3486 sacra
765 3439 814 3489 138
832 3437 941 3488 Falaris
956 3435 959 3501 Ι
975 3447 1128 3491 centaurus

158 3518 227 3556 corr.
242 3501 338 3554 Bacch.
403 3507 451 3556 142
470 3505 592 3564 funestet
611 3502 720 3554 aduena
785 3507 834 3555 143
852 3519 914 3554 eras
932 3520 1002 3556 corr.
1023 3506 1127 3564 Bacch.

591 3769 890 3834 afim*
