2474 3886
461 236 486 284 x
506 239 638 288 rao-raa
989 236 1033 301 65

128 386 298 470 Adprobet
312 385 372 449 hos
387 406 479 449 arcus
494 384 642 449 dominae
662 384 735 468 plus
748 407 843 468 posse
858 387 1029 470 pharetris.

128 470 277 554 Namque
293 469 400 534 Diana
414 469 513 552 feras,
529 490 640 533 ceruos
656 473 688 533 et
703 469 801 552 figere
817 471 959 536 dammas

64 565 114 615 155
127 554 278 619 Adsolet:
300 553 363 618 hoc
377 553 478 618 telum
492 573 584 638 reges
600 557 632 617 et
645 553 780 617 numina
794 554 892 639 figit'

132 637 292 713 Quattuor
306 639 429 703 interea
443 638 554 702 niueas
570 637 695 702 adstare
708 637 872 702 'columbas

133 722 248 807 Cypris
263 742 399 786 amoena
413 721 517 804 iubet,
535 722 636 786 roseis
649 721 820 786 frenantur
834 723 960 805 ahenis,

132 806 276 873 Candida
290 807 435 890 puniceis
450 806 631 870 subduntur
645 805 730 870 colla
746 807 876 890 rosetis,

131 890 465 976 Namiugasuntcom
490 893 561 954 acta
571 891 663 974 rosis,
675 890 856 956 fertdextra
866 891 1031 974 flagellum

67 989 119 1038 155
132 975 281 1058 Purpura
296 976 382 1059 quod
396 913 503 1039 meliis
516 975 624 1038 tenuis
640 973 727 1058 quod
742 976 860 1039 serious
877 979 980 1040 ornat.

131 1059 202 1124 Iam
217 1059 350 1123 uolucer
363 1058 550 1123 conscendit
564 1080 640 1122 aues
655 1063 688 1122 et
704 1058 823 1123 blanda
837 1059 987 1143 uoluptas

130 1144 163 1207 It
177 1161 292 1225 comes,
310 1143 475 1226 amplexus
486 1143 632 1226 ueniunt,
648 1141 853 1227 Hymenaeus
869 1143 1029 1225 adhaeret,

132 1225 257 1312 Gaudia
271 1229 481 1308 concurrunt,
497 1227 579 1290 risus
595 1230 691 1310 atque
708 1227 816 1290 oscula
830 1232 981 1312 pergunt.

131 1311 218 1376 Nam
232 1312 307 1376 licet
321 1310 438 1375 Idalias
453 1311 607 1375 sociarint
620 1311 713 1373 frena
729 1311 893 1375 columbas

66 1408 117 1458 155
129 1395 174 1460 Et
188 1397 315 1460 iunctae
330 1415 388 1478 per
402 1397 517 1459 cuncta
531 1394 659 1475 uolent,
682 1399 790 1458 tamen
811 1394 949 1478 impiger
964 1395 1029 1460 5155

129 1479 226 1545 Nunc
240 1480 324 1544 hanc
338 1498 425 1543 nunc
440 1478 529 1542 illam
544 1477 662 1543 residet
676 1477 857 1562 gaudetque
873 1479 996 1564 iugales

131 1565 200 1630 Iam
214 1565 357 1628 releuare
372 1585 445 1627 5555
460 1569 493 1627 51
507 1585 540 1626 re
555 1582 690 1646 pensare
705 1560 826 1625 uolatu.

132 1649 299 1714 Sublatam
315 1647 455 1731 propriis
469 1648 627 1730 persentit
640 1647 675 1710 in
690 1667 764 1710 aera
779 1647 888 1729 pinnis

131 1732 289 1818 Aurigam
304 1732 460 1816 quadriga
476 1730 606 1812 uolans,
622 1731 802 1814 iterumque
818 1732 983 1796 columbas

67 1831 118 1878 115
130 1817 266 1900 Adpetit
280 1820 313 1879 51
326 1816 485 1900 pharetris
501 1815 635 1880 conlidit
649 1814 744 1879 dorsa
758 1815 935 1881 uolantum.

130 1901 284 1966 Nondum
299 1923 356 1982 per
367 1899 532 1983 Scythicas
547 1899 666 1984 glacies
676 1901 739 1963 5151
754 1900 889 1964 barbara
901 1899 1029 1965 Colchis

130 1985 188 2050 Set
202 1987 265 2050 iam
279 1985 394 2049 bruma
408 1985 516 2068 rigens
533 1985 645 2048 Arctoi
659 1983 783 2048 tristior
798 1984 866 2048 axis

130 2071 293 2152 Torpebat
308 2073 455 2133 concreta
470 2068 558 2153 gelu,
574 2069 601 2132 it
615 2069 767 2151 pinniger
782 2068 902 2149 audax,

130 2153 176 2219 1111
190 2154 292 2238 magis
308 2174 435 2216 accessu
450 2154 542 2236 pueri
556 2151 653 2236 plaga
667 2155 790 2214 maesta
805 2156 931 2217 serenat

68 2251 118 2299 115
130 2239 318 2304 Aduentum
333 2239 449 2301 1551515
464 2237 530 2319 dei,
548 2257 624 2299 mox
638 2238 722 2299 tetra
736 2235 892 2320 fugantur

130 2321 265 2404 Nubila,
281 2321 443 2386 caeruleos
459 2320 599 2384 excludit
612 2319 792 2403 flammiger
806 2318 933 2382 imbres.

131 2407 237 2490 Impia
250 2407 315 2470 iam
331 2405 460 2471 Colchis
476 2405 540 2470 iam
556 2404 682 2468 saeuior
697 2425 752 2467 ara
765 2402 890 2467 Dianae

132 2489 292 2574 Coeperat
307 2489 447 2570 ostendi,
463 2490 526 2552 iam
542 2492 620 2552 tuno
634 2488 806 2552 mandante
821 2491 959 2570 tyranno

130 2575 216 2640 Ecce
229 2574 417 2639 trahebatur
432 2595 489 2637 ceu
504 2578 615 2637 taurus
630 2572 764 2657 pulcher
779 2572 890 2654 Iason,

67 2674 119 2722 180
134 2659 236 2735 Quem
251 2659 395 2743 sequitur
409 2657 523 2721 Medea
536 2678 657 2721 nocens
672 2662 852 2742 urguetque
866 2656 1032 2721 ministros

133 2743 263 2809 Nudato
279 2763 432 2807 mucrone
447 2741 567 2806 furens.
597 2742 729 2805 delubra
744 2740 895 2804 subibant

133 2829 266 2912 Iamque
281 2827 543 2911 propinquabant
558 2827 631 2890 aris.
662 2825 717 2890 sed
731 2846 851 2889 numen
866 2829 1032 2890 amantum
1046 2853 1077 2902 [p.
1091 2849 1127 2900 ee]

137 3117 186 3166 164
205 3115 318 3182 effigere
338 3132 406 3166 corr.
429 3115 522 3164 Bacch,
579 3116 626 3164 161
646 3129 712 3164 aues
731 3130 799 3164 corr.
817 3129 852 3164 eae
871 3114 932 3163 auis
985 3113 1033 3160 166

62 3187 192 3235 uinctae.
227 3184 369 3249 iunctaep
441 3184 489 3231 167
507 3181 631 3233 55151551
650 3198 718 3232 corr.
738 3181 832 3231 Bacch.
905 3182 953 3230 170
971 3191 1034 3227 con-

61 3249 154 3302 cludit
171 3266 239 3300 curr.
259 3249 356 3301 Bueclr.
429 3251 476 3300 172
494 3249 602 3298 Etiam
622 3266 689 3300 corr.
710 3249 805 3298 Bacch.
870 3249 918 3297 173
937 3249 1034 3296 coacta

62 3319 132 3386 gelu
156 3324 186 3367 et
207 3333 275 3372 corr.
296 3318 390 3368 Buect.
481 3321 526 3368 177
549 3324 608 3367 unte
629 3315 738 3367 Colchis
761 3319 852 3366 literae
874 3315 1034 3376 conspiciun-

62 3397 109 3436 tur
133 3384 202 3434 coch
224 3388 272 3435 sed
293 3387 386 3434 lineola
410 3386 519 3434 obducta
542 3387 641 3434 deletae
723 3386 771 3432 179
795 3387 942 3431 centaurus
964 3395 1033 3432 corr.

62 3451 168 3503 Bueelr.
249 3453 296 3504 180
318 3453 460 3502 ministras
483 3469 551 3502 corr.
571 3452 667 3502 Bacch.
690 3451 725 3513 cs.
748 3451 840 3498 11261
923 3449 970 3498 182
992 3447 1033 3497 sie

59 3517 253 3572 5515115551.

119 3611 255 3652 1151555151
267 3611 380 3652 earmina.
815 3601 831 3649 5
