2474 3886
176 223 218 286 26
508 222 798 276 EPITHALAMIUM

196 387 230 435 30
244 372 442 456 Dispensent
456 374 533 438 hinc
548 373 622 438 inde
630 373 737 438 melos
753 373 909 455 perflante
923 372 1053 439 flabello

240 457 285 522 Et
299 458 446 541 quatiant
461 457 569 522 dulces
584 456 697 521 Museo
712 457 840 541 pectine
855 455 1001 541 chordas,

240 541 285 605 llt
299 548 387 605 uocis
401 546 530 606 textura
544 544 638 606 sonet
651 542 808 624 neruique
824 542 983 625 loquaces.

243 625 415 709 Bybliades
427 625 549 710 Satyris
560 627 698 710 iungant
706 625 931 709 Nymphisque
938 625 1161 708 Hymenaeos'

241 709 285 774 Et
299 709 443 794 Dryades
458 711 577 794 passim
593 714 709 776 coeant
722 731 780 793 per
794 714 887 792 prate
900 709 934 775 N
934 709 1052 792 apricis,

193 808 226 856 35
242 793 381 859 Orcadas
396 793 516 858 Faunis
531 795 670 880 iungant
684 797 717 857 ct
730 793 851 858 Naidas
866 815 976 858 amnes

242 878 287 943 Et
301 877 437 942 Bacchis
453 878 599 961 copletur
612 879 716 942 Amor
730 897 792 961 per
804 882 908 943 castra
921 876 1059 960 Dionae,

243 961 346 1028 Saltet
361 966 393 1026 et
408 961 586 1046 imparibus
602 963 733 1026 calamis
747 962 819 1026 Pan
834 963 983 1047 corniger
996 961 1136 1045 intrans,

241 1046 360 1111 Ebrius
375 1047 498 1112 interea
511 1050 605 1112 nutet
620 1045 747 1110 Silenus
763 1047 872 1128 asello,

245 1129 364 1194 Oscula
376 1135 549 1196 nectantur
564 1131 693 1196 calamis
709 1131 833 1214 imbuta
846 1130 963 1195 rosetis

194 1228 227 1276 40
241 1213 285 1279 Et
299 1236 399 1280 neruo
416 1219 566 1280 cantante
581 1219 675 1280 sonet
688 1236 776 1279 noua
789 1236 954 1279 murmura
968 1215 1092 1300 lingua,

242 1298 404 1363 Morsibus
420 1300 551 1364 alternis
567 1321 722 1383 suspenso
739 1299 834 1363 dente
848 1299 1008 1381 fruantur,

244 1382 356 1448 Gratia
371 1388 544 1448 uernantes
559 1384 708 1448 adnectat
721 1383 858 1467 pulchra
873 1383 1009 1465 dolores,

244 1467 339 1533 Casta
354 1467 514 1533 Pudicitia
528 1469 638 1533 siricio
654 1467 813 1552 placitura
827 1467 943 1532 marito

243 1552 393 1616 Floribus
408 1573 447 1616 ex
462 1553 561 1616 uariis
575 1555 664 1616 texat
678 1574 736 1635 per
749 1555 843 1636 prata
857 1572 992 1616 coronas

193 1648 228 1697 45
242 1634 326 1699 Lilia
340 1635 442 1699 mixta
456 1636 538 1699 rosis
553 1636 678 1701 socians
693 1637 860 1720 uiolasque
875 1633 1069 1718 hyacinthis,

243 1719 293 1784 Pu
333 1723 405 1783 uret
420 1722 452 1783 et
466 1721 569 1784 niteat
583 1740 728 1804 gemmae
743 1721 886 1805 pallente
901 1720 1017 1784 rubore

245 1802 304 1868 Sar
326 1825 444 1887 casque
459 1804 550 1888 iuget
563 1805 665 1887 poclis
680 1803 887 1870 Sitifensibus
901 1803 1019 1868 herbis.

245 1886 298 1952 Sic
312 1909 392 1970 puer
406 1887 526 1952 Idalius
542 1889 712 1972 permiscet
727 1889 823 1953 mella
837 1889 981 1968 uenenis,

245 1970 298 2036 Sic
311 1993 386 2036 rosa
399 1973 552 2037 miscetur
566 1973 677 2057 spinis,
692 1973 852 2038 medicina
863 1971 993 2038 cerastis

195 2069 228 2118 oo
245 2055 415 2120 Perficitur
429 2057 631 2141 stimulisque
646 2057 739 2124 fanos
754 2060 825 2141 apis
841 2057 926 2121 alma
939 2060 1065 2120 tuctur:

245 2139 297 2206 Sic
311 2141 367 2226 pia
381 2141 552 2241 uirginitas
567 2164 635 2208 non
650 2142 777 2208 tollitur
792 2145 867 2206 ante
889 2139 1022 2226 pudoris

244 2225 419 2311 Unguibus
433 2227 569 2292 infensis
585 2249 681 2312 quam
697 2227 848 2292 uulnerat
862 2247 919 2290 ora
933 2224 1051 2307 mariti,

95 2329 124 2382 [p.
137 2329 169 2381 rc]
244 2309 294 2374 llt
301 2313 392 2394 prior
406 2316 481 2376 ante
496 2313 546 2377 sui
561 2311 680 2377 uindex
695 2315 744 2376 est
757 2312 828 2394 ipsa
842 2310 973 2393 cruoris
1225 2371 1226 2378 ,

245 2392 292 2459 Ut
307 2395 410 2459 discat
423 2416 528 2459 sacras
544 2396 682 2461 fecundo
699 2395 833 2460 uulnere
848 2395 1003 2458 flammas.

194 2490 227 2538 oo
248 2477 300 2543 Sic
315 2479 399 2542 fiunt
414 2478 520 2543 dulces
535 2479 631 2544 modo
647 2481 787 2564 pignora
801 2478 919 2544 blanda
932 2480 1094 2561 parentes,

244 2560 289 2624 nt
305 2581 407 2645 genus
422 2561 601 2628 humanum
612 2564 658 2628 sic
674 2567 739 2629 stet
754 2564 812 2628 sub
827 2563 858 2628 le
883 2584 899 2626 e
913 2561 1060 2646 perenni.

245 2643 309 2708 Tot
322 2646 410 2711 bona
419 2647 615 2730 proueniant
626 2649 754 2733 sponsis
761 2651 842 2732 quot
853 2584 965 2712 dextra
973 2647 1154 2730 parentum

249 2902 282 2950 30
300 2917 362 2952 caue
385 2901 484 2952 scribac
502 2901 612 2955 labello.
639 2907 698 2956 uide
720 2906 827 2954 indicem
896 2903 927 2952 31
948 2901 1047 2951 cordas
1121 2904 1156 2952 33

181 2967 326 3018 Bibliades
385 2970 419 3019 34
437 2969 567 3020 cohibent
628 2974 661 3022 35
684 2986 777 3021 omnes
796 2986 865 3019 corr.
883 2967 981 3019 Buech.
1051 2968 1085 3018 36
1107 2983 1157 3019 co-

181 3035 293 3100 puletur
321 3036 355 3098 cf.
380 3038 405 3086 d.
429 3038 478 3086 deo
509 3040 519 3086 Ι
545 3041 595 3089 407
619 3055 672 3088 curn
700 3039 808 3088 Arcualr'
835 3043 896 3088 uota
965 3036 998 3086 38
1029 3036 1159 3096 interea]

181 3108 264 3153 latere
285 3105 388 3154 uidetur
409 3108 459 3154 loci
479 3108 631 3169 cipuificutio
654 3122 704 3171 quo
726 3109 801 3166 nesus
827 3110 866 3154 est
886 3104 995 3168 prodire
1023 3103 1106 3152 ebriis
1129 3111 1161 3153 ee

181 3172 276 3221 ocellis.
307 3171 415 3221 interca
438 3181 477 3221 ecc
499 3175 566 3222 inter
589 3189 633 3224 eos
658 3172 776 3236 (Bacch.)
862 3173 896 3222 40
920 3164 1058 3234 candente
1083 3175 1164 3236 qnod

181 3240 278 3301 scripsi
293 3238 390 3288 Buech.
411 3246 548 3303 proposuit
616 3243 650 3292 45
668 3240 785 3298 socians]
805 3254 824 3288 n
845 3240 921 3289 litera
944 3241 1089 3288 armento
1111 3239 1162 3290 ob-

183 3306 260 3353 ducta
282 3314 321 3356 ert
340 3305 344 3370 Ι
365 3306 502 3369 hiacyntis
570 3310 602 3358 47
622 3309 700 3356 iubet
717 3305 839 3370 posculis
856 3307 904 3355 orti
925 3305 1053 3356 sensibus
1069 3319 1164 3371 snpra

183 3369 228 3417 cul
256 3377 282 3420 et
308 3373 370 3423 fens
392 3375 483 3423 literas
509 3379 535 3422 et
560 3380 620 3422 onte
646 3387 745 3422 uersum
766 3374 929 3435 corruptelae
951 3381 1028 3423 notae
1048 3375 1164 3437 positae

181 3443 241 3484 snut
308 3441 342 3489 48
363 3440 439 3491 bella
457 3455 525 3495 corr.
543 3438 639 3490 Bucct.
708 3439 741 3487 49
760 3438 877 3486 cerastis
895 3453 964 3494 corr.
983 3455 1019 3489 ea·
1037 3441 1168 3506 cersujs

142 3558 148 3567 ,
217 3505 249 3552 54
268 3502 367 3564 discat]
386 3509 470 3557 ducat
489 3506 583 3556 Buecd.
601 3505 737 3570 proposuit

554 3765 874 3844 ΑΛ
