2474 3886
365 229 417 282 VH
435 232 569 282 154-159
587 233 653 282 Vlll
673 234 755 284 1-48
1004 236 1044 300 31

145 379 302 463 Pergama
314 377 535 444 Dardanidum
550 380 669 445 uindex
683 380 718 444 in
733 381 819 446 bella
833 383 1007 452 lacessens:

144 463 187 526 Et
202 463 258 546 qui
272 463 430 528 Troianos
445 465 566 529 inuasit
580 470 676 530 nocte
690 469 788 548 poeta

95 560 128 609 20
144 548 294 612 Armatos
310 548 386 612 dum
401 548 516 612 elausit
530 570 623 633 equo,
639 550 695 633 qui
710 551 839 616 moenia
853 551 969 618 Troiae

144 631 285 696 Perculit
300 636 332 696 et
346 631 510 697 Priamum
524 633 650 716 Pyrrho
665 634 800 698 feriente
815 638 960 702 neoauit:

144 715 286 780 Numina
298 721 406 781 uestra
415 739 534 782 uocans
541 712 696 802 quidquid
706 720 901 802 contempsit
910 725 1043 808 uterque

145 799 288 864 Scribere
302 799 376 865 Mus
420 823 511 885 enea,
526 803 588 867 boo
602 803 677 867 uilis
693 803 811 887 colligo
827 808 927 870 uates.

144 883 215 948 Reli
239 885 308 950 uias
323 907 399 968 prae
422 907 460 950 ae
474 887 587 970 uulpes
604 909 730 970 sperare
745 887 878 952 leonum

94 981 127 1028 25
148 907 265 1032 Laudis
280 969 411 1053 habent,
426 971 580 1035 meruisse
595 972 684 1036 cibos
696 993 777 1055 quos
788 978 882 1055 pasta
896 981 1046 1042 recusant

144 1051 277 1118 Uiscera
291 1075 371 1139 quos
386 1055 492 1120 rabies
507 1056 572 1119 iam
586 1077 655 1120 non
668 1056 778 1120 ieiuna
792 1058 926 1142 remisit,

142 1135 302 1204 Exultant
314 1138 528 1222 praedamque
542 1143 659 1223 putant
672 1141 759 1204 nuda
775 1162 847 1205 ossa
861 1141 1011 1208 ferentes.

142 1222 253 1285 Attica
267 1244 332 1287 uox
346 1227 393 1306 te,
411 1227 535 1307 sancte,
551 1224 651 1307 fouet,
666 1229 698 1288 te
713 1225 826 1309 lingua
841 1225 959 1292 Latina

144 1303 368 1374 Commendat:
389 1308 521 1392 uulgato
535 1329 650 1390 precor
663 1330 745 1391 quae
761 1329 856 1372 causa
870 1316 1041 1378 nocentem

92 1401 127 1449 30
141 1388 233 1453 Fecit
245 1391 480 1473 Alexandrum,
497 1395 592 1476 raptu
607 1396 644 1457 ut
659 1391 813 1475 spoliaret
826 1394 988 1477 Amyclas.

143 1471 338 1540 Caelicolum
352 1481 464 1559 pastor
477 1477 543 1541 iam
558 1476 686 1541 sederat
697 1476 818 1540 arbiter
831 1476 898 1558 Ida,
1053 1494 1083 1546 u·
1097 1495 1130 1548 sel

141 1557 210 1622 Iam
225 1560 383 1644 gremium
398 1581 537 1644 oaespm,
552 1562 618 1625 iam
632 1581 767 1645 surgens
781 1561 915 1626 herbida
929 1564 1025 1630 tellus

143 1640 255 1706 Stabat
269 1648 302 1708 et
315 1645 494 1710 aetherium
509 1646 639 1710 fuerant
652 1647 790 1710 herbosa
805 1647 957 1712 tribunal.

143 1725 292 1793 Soluerat
304 1729 423 1794 Iliacus
439 1729 518 1794 caeli
532 1731 720 1795 uadimonia
734 1734 845 1812 pastor

89 1821 124 1870 35
142 1810 186 1875 Et
200 1812 290 1876 litem
305 1812 385 1878 facit
398 1814 467 1898 ipse
484 1835 575 1878 suam
583 1864 593 1897 ‚
613 1814 744 1879 laudata
758 1814 879 1879 recedit

143 1893 335 1980 Contempta
348 1897 472 1964 Iunone
488 1896 616 1982 Uenus,
631 1903 709 1964 tunc
724 1899 817 1983 uirgo
834 1899 949 1964 decora

141 1977 237 2044 Uicta
252 1981 354 2065 dolet,
368 2004 445 2048 nam
459 1983 561 2048 tristis
577 1983 658 2049 abit:
674 1983 738 2048 heu
752 1983 860 2048 nescia
874 2006 965 2048 mens
981 1989 1030 2049 est

141 2061 230 2139 Quae
245 2066 331 2130 mala
342 2067 550 2132 circumstent
568 2089 682 2132 ausum
695 2067 769 2132 dare
785 2069 856 2131 iura
868 2067 1043 2134 Mineruae.

139 2147 258 2212 Iudicis
273 2149 361 2214 Idaei
377 2153 481 2234 pretio
497 2152 658 2215 sententia
672 2152 776 2216 fertur

87 2241 124 2291 40
140 2230 384 2319 Damnaturque
400 2236 500 2300 Paris.
516 2256 590 2302 nee
605 2235 692 2299 solus
707 2237 818 2318 pastor
831 2233 970 2299 habetur

140 2315 192 2380 Ex
207 2317 268 2382 hac
283 2321 441 2384 litoreus:
457 2322 652 2384 damnantur
665 2323 770 2384 morte
785 2321 946 2401 parentes,

138 2399 345 2468 Damnantur
358 2405 475 2470 fratres
491 2408 524 2468 et
538 2403 682 2487 quisquis
698 2405 734 2468 in
748 2403 827 2468 urbe
842 2403 1044 2486 propinquus

138 2488 210 2549 Aut
224 2493 380 2572 cognatus
396 2495 478 2572 erat,
494 2493 627 2553 cunctos
642 2511 728 2554 mors
743 2486 885 2571 explicat
900 2509 972 2552 una.

140 2569 301 2654 Troiaque
315 2579 353 2638 ut
365 2573 479 2638 infelix
493 2573 570 2638 urbs
585 2576 711 2638 tantum
727 2575 830 2638 morte
846 2572 976 2656 periret,

85 2663 121 2712 46
142 2651 350 2721 Damnantur
364 2661 487 2742 gentes,
504 2658 675 2722 damnatur
691 2657 826 2722 Graecia
841 2655 954 2720 sollers

136 2735 212 2801 Heu
227 2741 354 2826 magnis
369 2742 533 2806 uiduanda
547 2743 641 2824 uiris,
658 2742 790 2806 orbatur
805 2743 839 2804 et
849 2738 916 2804 Eos
995 2818 998 2824 ,

137 2820 312 2888 Memnone
322 2825 500 2911 belligero,
517 2825 688 2890 damnatur
703 2822 881 2889 Thessalus.
891 2824 987 2889 heros

136 2905 184 2970 Et
197 2905 371 2974 Telamone
387 2915 486 2994 satus,
501 2914 639 2994 pereunt
654 2909 717 2974 duo
732 2908 872 2973 fulmina
887 2907 973 2991 belli,

140 3117 176 3164 20
192 3113 306 3164 Armato
324 3131 392 3165 corr.
410 3115 507 3168 Bueeb.
525 3132 557 3165 m.
575 3115 607 3164 rb
680 3117 713 3166 23
732 3113 841 3179 college
911 3116 944 3162 30
962 3117 1044 3177 raptu

64 3181 196 3247 spoliare
266 3185 298 3232 31
322 3187 434 3248 praetor
456 3199 523 3234 corr.
541 3181 638 3237 Buecb.
658 3180 662 3247 Ι
681 3182 755 3232 Idem
774 3197 843 3232 corr.
862 3179 1043 3230 Buecb.1dae

62 3249 82 3298 I
88 3250 126 3299 M
186 3251 220 3301 34
238 3248 341 3300 Iliacas
359 3249 490 3301 eomltl
555 3250 587 3300 36
605 3245 719 3316 decora]
736 3249 960 3313 forteorruptum
1011 3248 1044 3298 37

63 3314 143 3379 abijt
214 3319 247 3366 42
265 3318 293 3366 in
311 3322 397 3368 morte
465 3319 499 3368 43
518 3316 645 3382 implicat
662 3317 719 3366 JM
783 3317 818 3364 44
835 3317 883 3380 Aq3
901 3313 966 3363 Troi
983 3329 1044 3378 sup·

60 3386 152 3448 plauit
170 3384 268 3439 Bacch.
283 3382 379 3446 (Troia
396 3387 422 3434 in
440 3387 553 3450 marpissa
570 3379 718 3448 ascriptum)
737 3384 845 3445 epatium
863 3397 914 3432 nou
931 3382 1044 3432 relietum

63 3451 67 3515 l
90 3451 217 3502 infoelix
241 3449 245 3514 l
270 3457 352 3501 tanta
370 3452 468 3504 Bueeb.
484 3453 620 3516 proposuit
644 3451 648 3516 Ι
671 3451 776 3516 perrict
801 3464 870 3503 corr.
889 3448 907 3498 I
914 3449 942 3499 M
1011 3450 1044 3499 46

60 3535 149 3570 eous.
171 3525 199 3568 et
224 3535 270 3569 eoa
294 3519 347 3568 IM
