2474 3886
169 197 213 260 44
578 195 728 246 HELENA

233 346 278 411 Et
291 347 427 430 puppim
464 346 598 409 creussit
612 345 718 428 aquis,
736 344 862 408 sublata
878 345 987 408 carina

234 431 373 495 Tollitur
388 435 421 494 et
436 369 542 514 gypso
558 428 667 493 classis
683 427 815 511 depulsa
829 427 956 492 resedit.

234 515 313 580 Post
327 516 457 600 signum
471 535 589 578 uenere
603 517 688 577 rates
702 512 862 576 residente
875 512 1019 595 procella

78 618 157 668 [1155]
233 598 278 664 Ε1
293 599 435 684 Cyprum
449 604 582 662 tenuere
600 598 705 661 simul.
736 597 856 680 legatio
872 597 942 662 sola

171 695 222 745 430
234 683 363 764 Defuit,
378 707 445 749 una
459 683 550 746 fretis
567 685 601 746 et
612 682 761 746 fluctibus
776 684 1002 766 actanegatur

234 768 357 852 Puppis
372 769 407 833 in
421 767 551 832 Ionium
565 765 684 830 rabidis
699 765 822 830 conlisa
835 765 1001 848 procellisy

235 855 365 938 Aegaeo
380 873 456 916 narn
471 851 564 934 pulsa
580 855 675 915 caret.
706 872 781 914 mox
795 854 906 934 pastor
920 850 1026 914 arenis

234 936 405 1001 Dardanus
421 935 550 1000 exsiluit
563 935 709 999 tremulis
724 939 799 1018 post
813 956 954 1018 aequora
967 935 1069 1018 plant'

235 1021 279 1086 Et
294 1041 327 1085 se
343 1042 416 1085 cum
430 1020 525 1088 sociis
540 1021 626 1083 tacta
639 1019 755 1083 tellure
770 1019 898 1083 refouit.

172 1117 222 1166 435
236 1105 342 1189 Cypro
358 1103 441 1168 festa
456 1104 522 1167 dies
537 1103 655 1190 natalis
670 1105 756 1168 forte
771 1103 897 1168 Dionae

235 1190 296 1255 Illa
310 1190 381 1253 lucc
395 1189 467 1252 fuit.
499 1188 638 1252 ueniunt
651 1188 691 1251 ad
705 1210 796 1252 sacra
810 1186 968 1271 Cytherae
1039 1227 1043 1232 -

235 1273 379 1338 Reddere
393 1277 472 1338 uota
487 1271 563 1337 deae
579 1271 735 1355 quidquid
750 1273 836 1355 capit
850 1272 957 1336 insula
971 1272 1094 1356 Cypros

236 1358 329 1436 Quod
343 1379 457 1423 nemus
471 1357 609 1421 Idalium
624 1357 711 1440 quod
726 1357 871 1422 continet
885 1357 951 1422 alta
966 1356 1105 1441 Cythera

237 1443 329 1519 Quod
338 1443 472 1526 Paphon
484 1445 618 1506 exornat
631 1443 745 1506 tacitas
754 1441 839 1524 quod
850 1442 968 1506 lustrat
974 1442 1130 1526 Amyclas.

171 1539 222 1588 440
235 1527 380 1596 Candida
393 1530 558 1609 praeterea
571 1524 660 1588 Iouis
675 1526 761 1589 alitis
777 1525 902 1589 Helena
916 1527 1022 1609 proles

234 1611 392 1687 Uenerat,
409 1611 573 1673 absentem
589 1610 707 1674 retinet
722 1611 797 1673 dum
813 1608 908 1674 Creta
922 1611 1084 1674 maritum.

235 1695 361 1759 Nuntia
374 1693 461 1757 fama
476 1692 565 1757 ducis
579 1697 682 1758 totam
696 1695 880 1778 repleuerat·
891 1697 1018 1778 urbem,

236 1778 417 1842 Aduenisse
432 1777 530 1841 Parin
545 1777 685 1843 Troiano
701 1779 859 1863 sanguine
875 1782 1007 1845 cretum.

235 1862 349 1926 Audiit
364 1861 538 1927 aduentum
553 1861 680 1927 iuuenis
696 1862 854 1946 Spartana
871 1863 992 1946 decori,

170 1959 221 2008 445
234 1946 311 2011 Mox
325 1947 415 2010 iubet
430 1950 462 2010 et
476 1946 589 2010 famuli
604 1948 742 2011 ueniunt
754 1949 927 2012 mandante
942 1947 1108 2014 Lacaena:

233 2030 385 2115 Hospitio
401 2034 546 2114 speratus
562 2035 628 2115 eat,
644 2055 720 2096 nam
734 2036 828 2115 turpe
846 2033 948 2096 uideri

235 2115 361 2202 Regina
375 2120 543 2200 praesente
558 2115 650 2180 Paris
666 2138 724 2181 ceu
739 2118 851 2181 nauita
865 2117 939 2181 uilis

235 2201 327 2266 Litus
343 2223 512 2267 arenosum
527 2205 644 2268 teneat.
674 2206 752 2266 tunc
768 2203 884 2285 hospes
899 2201 941 2264 ad
955 2202 1063 2266 aulam

233 2286 388 2352 Peruolat
401 2287 525 2352 Atridis
541 2287 628 2351 socia
642 2287 815 2351 comitante
832 2289 971 2351 caterua.

170 2381 222 2430 450
234 2371 426 2455 Peroeptum
442 2371 517 2434 dum
532 2375 635 2453 carpit
649 2371 712 2435 iter
724 2371 861 2434 festinus
877 2370 917 2434 ad
932 2371 1058 2452 urbem,

234 2455 379 2537 Respicit
393 2455 433 2516 ad
445 2455 601 2536 templum
613 2453 750 2519 Ueneris
767 2456 819 2518 cui
838 2456 933 2520 turba
947 2458 1137 2537 precantum

78 2553 109 2600 [11.
124 2554 158 2602 51]
235 2536 298 2601 Uel
312 2541 491 2601 conuentus
507 2542 591 2619 erat,
607 2560 682 2602 mox
697 2541 796 2604 uertit
810 2541 912 2604 iturus
927 2539 968 2603 111
983 2561 1063 2604 aras.

235 2620 362 2685 Interea
377 2620 467 2684 niuei
481 2620 622 2685 uolitant
635 2645 694 2706 per
706 2624 804 2688 litora
819 2625 911 2708 cycni

234 2704 382 2769 Flumine
390 2708 585 2789 contempto,
591 2707 796 2792 placidasque
803 2707 880 2773 hinc
889 2707 963 2772 inde
970 2708 1136 2772 columbas

170 2800 220 2850 455
234 2787 379 2853 Molliter
392 2789 567 2854 intendunt
582 2812 693 2856 omnes
708 2813 766 2876 per
780 2793 876 2857 inane
891 2792 1019 2876 uagari,

235 2871 321 2948 Quas
336 2873 468 2937 insanus
484 2874 553 2958 agit
567 2875 761 2960 rapidusque
776 2881 929 2960 sequente
944 2877 1057 2940 uolatu

234 2955 355 3020 Miluus
369 2957 530 3042 insontes,
549 2963 680 3023 cunctas
696 2961 834 3025 clamore
848 2962 981 3046 fatigat,

239 3147 288 3195 427
312 3144 555 3210 scopulo-recedit
572 3147 668 3199 Buech.
687 3165 715 3196 m.
735 3149 774 3198 rh.
795 3153 931 3212 proposuit
1016 3151 1065 3198 432
1089 3148 1138 3206 ha·

170 3214 246 3264 renis
306 3215 357 3264 435
375 3213 464 3262 Dione
533 3216 584 3265 439
603 3215 709 3279 paphos
726 3232 794 3267 corr.
813 3216 911 3267 Bueeh.
929 3233 959 3266 m.
977 3216 1016 3266 rh.
1085 3218 1135 3266 444

169 3279 255 3329 Audit
277 3297 347 3332 corr.
368 3281 383 3330 I
389 3281 418 3330 M
487 3283 538 3331 448
562 3282 723 3332 harenosum
797 3286 847 3333 450
866 3285 932 3346 fort.
957 3287 1135 3349 praeceptum

170 3345 265 3396 Bacch.
286 3365 316 3399 111.
336 3348 375 3398 rh.
394 3349 533 3412 inceptum
618 3350 666 3397 451
690 3354 833 3412 precatum
857 3367 926 3400 corr.
946 3351 964 3399 1
970 3351 1002 3400 M
1084 3352 1134 3400 452

169 3411 224 3460 iter
246 3427 315 3461 corr.
333 3413 428 3465 Bueeh
453 3416 507 3465 iter
528 3415 614 3465 uertit
636 3416 797 3476 seripserunt
819 3415 836 3463 I
842 3417 874 3464 M
939 3419 991 3467 456
1008 3417 1134 3481 rapidos·

171 3491 222 3539 que
241 3492 310 3526 corr.
330 3479 348 3526 I
353 3482 386 3530 M
