2474 3886
427 268 734 345 PRAEFATIO.

161 404 318 470 Draconti
346 401 489 466 carmina
516 402 619 466 adhuc
647 400 769 465 inedita
795 399 935 484 Neapoli
961 401 1062 465 latere

19 516 29 529 r
97 509 221 572 nupera
241 491 352 571 raptus
373 485 516 550 Helenae
537 485 635 550 editio
656 485 838 568 Romana¹)
861 507 920 549 nos
942 485 1061 568 docuit,

4 570 11 577 “
98 573 302 637 confirmavit
323 569 488 654 catalogus
509 570 617 655 regiae
637 569 853 634 bibliothecae
874 567 1060 652 Neapolita-

96 652 1097 821 dicatilaeliiilitidpt’toesttttlt'

97 827 206 906 Atque
220 822 363 887 Helenae
386 825 497 905 raptus
515 843 588 886 cum
610 825 739 905 poetam
761 820 918 885 indicaret
932 819 1061 884 doctum

97 928 201 1054 coppe
219 907 438 1054 quiliiimina
463 905 541 970 fecit
562 905 738 1053 chgisilgppa
760 907 787 968 si
808 927 878 1053 norss
896 904 1063 1001 meliorem

98 1012 134 1054 oe
167 1011 262 1055 ecru
324 1010 412 1054 orem
479 1010 552 1053 orro
582 1011 600 1053 a
708 1011 817 1054 rarum
846 1011 863 1053 e
905 1009 1062 1053 sermome

97 1074 246 1138 Africani
266 1011 689 1156 notitiam'piomovcndam
715 1073 827 1148 utilem
857 1093 961 1156 noque
983 1072 1065 1136 indi-

98 1179 199 1243 gnum
214 1159 303 1222 cuius
319 1157 463 1222 carmina
476 1157 511 1221 in
527 1157 632 1221 lucem
646 1158 920 1241 protraherentur,
935 1155 968 1222 N
970 1177 1064 1239 eapo-

98 1243 146 1306 lin
159 1241 323 1325 profectus
338 1240 491 1324 descripsi
504 1262 586 1326 quae
597 1242 683 1324 typis
698 1263 787 1306 nuno
801 1240 889 1306 vides
905 1262 943 1304 ex
966 1261 1061 1304 ressa.

177 1324 285 1391 Codex
328 1329 377 1389 est
411 1325 627 1389 bibliothecae
662 1324 838 1389 nationalis
879 1323 929 1388 IV
1019 1325 1062 1388 48

98 1410 284 1474 chartaceus
317 1410 352 1473 in
383 1408 463 1473 folio
493 1408 630 1492 scriptus
663 1408 789 1473 saeculo
811 1407 875 1472 XV
897 1406 1062 1471 desinente

97 1493 150 1557 vel
171 1493 251 1558 XVI
271 1493 413 1557 incunte.
444 1491 598 1558 Continet
619 1495 727 1556 autem
748 1491 838 1558 CXV
859 1491 987 1576 paginis
1011 1491 1061 1554 de-

98 1599 167 1640 cem
187 1575 344 1641 Draconti
374 1577 516 1641 carmina
537 1580 570 1640 ct
597 1575 712 1642 decimi
739 1574 961 1661 apographum
983 1575 1061 1639 alte-

96 1683 184 1744 rum,
213 1659 326 1724 eodem
347 1681 411 1744 quo
438 1681 499 1725 nos
533 1661 646 1724 excudi
674 1661 823 1725 iussimus
853 1659 965 1725 ordine
992 1681 1063 1742 per-

96 1745 225 1827 scripta.
270 1743 385 1816 Titulis
415 1744 704 1828 subscriptionibus
727 1745 870 1808 numeris
903 1743 967 1807 alia
998 1765 1064 1806 ma-

95 1850 158 1892 nus
191 1832 370 1892 atramento
395 1829 498 1912 magis
529 1829 625 1913 nigro
653 1850 711 1893 usa
743 1828 915 1893 intervalla
947 1827 1064 1910 quibus

97 1914 241 1976 carmina
267 1913 319 1976 vel
347 1913 526 1976 carminum
553 1915 661 1996 partes
688 1915 878 1997 separantur
905 1910 1061 1993 implevit.

96 1995 161 2060 Sed
183 2017 237 2060 eos
258 2017 409 2061 numeros
432 1997 547 2080 quibus
562 1995 703 2061 decimus
725 1997 859 2080 quisque
874 2016 984 2060 versus
1006 2016 1062 2058 no-

95 2083 185 2144 tatur
207 2079 316 2176 eadem
337 2080 655 2178 manusadpinxisse
671 2079 798 2146 videtur
813 2102 895 2164 quae
917 2079 1060 2144 carmina

95 2185 214 2311 &illd
229 2167 385 2312 {idid
395 2162 1062 2344 lttdtulttttutthzlthlt

95 2353 173 2428 vero
203 2330 350 2395 Medeam
377 2352 459 2415 quae
492 2332 619 2414 scripsit
650 2352 764 2396 manus
792 2352 827 2394 m
855 2330 966 2394 charta
999 2330 1062 2392 exi-

94 2415 177 2479 hore
205 2415 361 2498 serpentis
384 2415 477 2500 signo
498 2419 628 2498 notata,
655 2416 759 2500 magis
780 2415 887 2478 fluitat
916 2417 948 2478 et
970 2415 1062 2496 quasi

94 2499 181 2582 rapit
216 2499 325 2563 literas
342 2520 463 2582 neque
495 2501 653 2564 linearum
687 2503 810 2564 certum
843 2497 988 2562 ordinem
1016 2517 1062 2560 se-

95 2583 207 2665 quitur
229 2591 284 2646 aut
306 2583 444 2666 speciem
465 2583 643 2666 faciemque
665 2584 802 2647 nitidam
823 2587 923 2647 curat.
958 2581 1062 2656 Quare

92 2687 164 2730 non
191 2668 240 2730 est
266 2667 353 2750 quod
379 2668 533 2731 miremur
561 2689 634 2731 eum
661 2668 718 2751 qui
744 2666 923 2750 possederit
944 2666 1062 2730 librum

94 2753 152 2812 aut
180 2751 422 2833 consenserit,
451 2752 673 2836 apographum
701 2751 799 2834 paulo
826 2750 960 2834 politius
990 2749 1063 2813 sub-

93 2833 247 2900 iunxisse.
284 2773 369 2898 hpam
391 2834 496 2899 solum
517 2835 606 2918 prius
629 2835 792 2918 exemplar
813 2833 995 2899 adeundum
1011 2837 1062 2896 est

92 2917 497 3085 titutlltdthti
516 2918 951 3067 nitidisnitidis
975 2915 1063 3065 thid

92 3104 165 3146 mus
187 3085 310 3148 scribae
332 3086 440 3168 lapsus
463 3086 505 3150 sit
526 3107 643 3154 errore.

165 3183 190 3252 1)
213 3187 361 3252 Appendix
384 3190 418 3240 ad
442 3204 528 3254 opera
552 3188 628 3240 edita
658 3190 695 3240 ab
715 3190 822 3256 Angelo
844 3191 927 3242 Maio.
957 3189 1061 3238 Romae

91 3252 314 3304 MDOCOLXXI
334 3272 361 3320 p.
382 3259 413 3308 10
431 3271 490 3322 sqq.
775 3272 777 3276 ·

161 3319 189 3384 2)
213 3320 364 3400 Qatalogus
386 3323 577 3374 Bibliothecae
600 3324 720 3374 Latinae
742 3326 846 3375 veteris
869 3332 898 3374 et
920 3322 1058 3373 classicae

91 3394 300 3469 manuccnptae
307 3404 377 3455 quae
387 3391 416 3439 in
426 3392 503 3455 regio
509 3390 694 3454 Neapolitano
702 3392 797 3442 Museo
804 3391 957 3442 Borbonico
968 3388 1060 3440 adser-

91 3454 347 3587 patpp2dgslplrrptus
366 3473 383 3506 a
395 3456 512 3508 Cataldo
525 3458 672 3512 Ianncllio.
699 3458 815 3524 Neapoli
827 3455 1060 3509 uncccxxvn

818 3609 856 3660 a*

420 3692 712 3794 -oaoogg

448 3757 457 3774 ‘
612 3752 630 3766 ”’
671 3767 681 3788 c
