2468 3888
184 169 226 232 14
557 171 765 226 NAMATIANI

246 338 308 401 Ast
328 336 384 401 uhi
405 335 578 421 flagrantes
600 335 743 399 admovit
764 332 865 399 Sirius
887 335 995 419 ignes,
1148 391 1150 398 .

179 433 231 484 480
290 420 371 488 cum
392 421 516 504 pallent
537 420 670 502 herbae,
693 441 765 484 cum
788 419 857 484 sitit
877 419 982 484 omnis
1004 440 1098 505 ager:

245 505 328 572 'llun
349 509 579 571 cataractarum
602 505 748 568 claustris
769 503 948 568 excluditur
969 526 1105 588 aequor,
1221 575 1223 584 ,

289 590 336 657 Vt
357 591 437 656 fixos
459 591 570 654 latices
590 589 713 654 torrida
733 589 827 653 duret
847 588 974 654 humus.

246 675 442 758 Concipiunt
464 696 569 740 acrem
590 675 701 738 nativa
723 673 858 822 eoaflffula
878 673 1060 757 Phoebum,

285 761 331 824 Et
352 761 458 844 gravis
481 759 601 824 aestivo
624 763 768 824 crustae
802 779 856 824 ore
878 758 958 842 coit,

179 857 229 908 480
243 844 339 910 Haud
354 844 447 908 aliter
460 865 556 928 quam
572 865 645 908 cum
660 844 762 929 glaeie
777 843 861 928 riget
875 843 1023 908 horridus
1036 841 1153 909 Hister

285 928 489 1012 Grandiaque
511 927 662 993 adstricto
686 928 818 992 flumine
840 928 984 1012 plaustra
1003 927 1103 993 vehit.

242 1013 389 1078 Rimctur
411 1013 524 1078 solitus
545 1017 678 1078 naturae
701 1012 879 1096 expendere
900 1035 1025 1096 causas,

284 1098 387 1182 Inque
408 1098 479 1183 pari
502 1098 609 1181 dispar
629 1097 744 1162 fomite
767 1101 901 1182 quaerat
922 1119 1018 1182 opus:

243 1183 364 1248 Vincta
386 1182 507 1248 fluenta
528 1183 604 1268 gelu
625 1186 779 1266 concepto
803 1182 870 1246 sole
891 1182 1089 1266 liquescunt,

177 1281 229 1329 490
284 1267 329 1333 Et
349 1290 458 1334 rursus
480 1269 619 1352 liquidae
641 1268 709 1332 sole
731 1267 880 1352 gelantur
901 1288 1011 1352 aquae.

241 1352 285 1437 Ο,
308 1376 405 1438 quarn
426 1375 519 1437 saepe
540 1353 634 1417 malis
656 1355 828 1436 generatur
854 1352 945 1437 origo
966 1352 1146 1417 bonorum!

283 1439 468 1522 Tempestas
490 1438 613 1502 dulcem
634 1437 713 1502 fecit
734 1459 842 1502 amara
862 1457 1000 1500 moram:

241 1522 427 1589 Victorinus
449 1524 535 1587 enim
545 1573 554 1605 ,
575 1526 704 1587 nostrae
725 1544 800 1605 pars
821 1522 961 1586 maxima
981 1522 1118 1606 mentis,
1222 1599 1223 1612 ,

283 1607 465 1693 Congressu
488 1607 628 1690 explevit
648 1611 760 1671 mutua
782 1609 857 1670 vota
878 1627 946 1671 suo.

177 1704 227 1752 rec
241 1691 413 1757 Errantem
434 1691 546 1755 Tuscis
568 1691 731 1755 considere
754 1691 910 1774 compulit
930 1692 1016 1775 agris

282 1777 327 1840 Et
349 1776 452 1842 colere
476 1779 625 1841 externos
647 1780 740 1859 capta
761 1775 879 1840 Tolosa
901 1776 992 1840 lares.

239 1859 307 1926 Nee
328 1864 456 1925 tantum
478 1859 564 1924 duris
586 1860 685 1926 nituit
706 1861 863 1944 sapientia
884 1861 993 1926 rebus:

286 1946 420 2011 Pectore
442 1967 510 2010 non
531 1945 595 2010 alio
617 1945 821 2029 prosperiora
841 1945 926 2010 tulit.

239 2029 393 2097 Conscius
416 2030 561 2096 Oceanus
575 2031 754 2112 uirtutum,
778 2030 906 2095 conscia
927 2029 1044 2114 Thyle,

175 2128 226 2177 500
282 2115 327 2182 Et
349 2137 567 2201 quaecumque
588 2116 681 2182 ferox
703 2137 780 2180 arua
800 2113 976 2180 Britannus
999 2119 1084 2180 arat:

241 2200 311 2278 Qua
331 2201 568 2286 praefectorum
589 2201 713 2266 vicibus
734 2200 862 2264 frenata
882 2203 1023 2283 potestas

284 2287 480 2371 Perpetuum
502 2287 613 2370 magui
634 2285 748 2349 faenus
770 2285 888 2349 amoris
910 2283 1016 2349 habet.

240 2371 429 2436 Extremum
450 2393 525 2454 pars
547 2371 604 2434 illa
625 2369 754 2454 quidem
774 2369 920 2434 discessit
939 2369 975 2432 in
996 2370 1127 2455 orbem,
1221 2383 1222 2432 1

286 2453 349 2520 Sed
370 2461 533 2538 tamquam
555 2453 661 2518 media
681 2458 787 2520 rector
808 2454 843 2519 in
865 2455 944 2518 urbe
966 2454 1038 2518 fuit.

177 2552 228 2602 505
242 2539 320 2604 Plus
342 2539 497 2622 palmaest
519 2538 592 2603 illos
615 2539 700 2603 inter
721 2539 860 2604 voluisse
882 2539 1023 2623 plaeere,

281 2623 371 2688 Inter
391 2644 473 2706 quos
495 2623 603 2688 minor
624 2627 673 2688 est
694 2623 892 2708 displicuisse
915 2622 1028 2707 pudor.

239 2707 379 2772 Illustris
401 2729 504 2792 nuper
525 2730 632 2774 sacrae
655 2730 761 2774 comes
782 2708 909 2773 additus
931 2708 1021 2772 aulae

282 2792 485 2877 Contempsit
506 2815 647 2859 summos
669 2794 752 2858 ruris
774 2815 882 2858 amore
905 2791 1031 2878 medus.

238 2877 335 2942 Hunc
357 2899 417 2963 ego
440 2879 624 2963 complexus
646 2883 817 2944 ventorum
838 2877 971 2942 adversa
991 2877 1113 2962 fefelli,

174 2977 227 3026 510
283 2961 370 3027 Dum
392 2962 502 3028 videor
523 2964 647 3047 patriae
669 2964 734 3028 iam
755 2962 836 3027 mihi
857 2967 948 3046 parte
969 2962 1044 3026 frui.

238 3047 340 3114 Lutea
362 3048 541 3131 protulerat
562 3047 657 3112 sudos
680 3069 795 3112 aurora
816 3047 954 3132 iugales:

280 3136 460 3199 Antemnae
481 3132 571 3196 tendi
593 3132 712 3196 littoris
734 3155 812 3198 aura
834 3131 932 3197 iubet.

205 3215 207 3222 ’
236 3219 431 3284 Inconcussa
453 3216 544 3282 vehit
564 3216 757 3300 tranquillus
779 3217 935 3300 aplustria
955 3216 1067 3301 flatus,

279 3303 393 3369 Mollia
414 3323 525 3366 securo
548 3301 620 3363 vela
640 3300 774 3364 rudente
795 3303 948 3367 tremunt.

176 3396 226 3445 515
241 3386 396 3472 Adsurgit
417 3385 511 3470 ponti
533 3383 638 3448 medio
661 3383 845 3449 circumflua
867 3385 1002 3469 Gorgon

280 3468 369 3532 Inter
389 3470 544 3536 Pisanum
567 3465 821 3549 Gymnicumque
843 3469 937 3533 latus,

389 3766 702 3836 -.A
