2474 3886
210 204 251 268 66
629 203 757 254 tranen

274 355 400 420 Furtim
414 354 535 437 templa
549 354 645 436 petit,
661 357 840 417 sonuerunt
853 352 919 417 tela
932 353 1111 438 pharetris,

274 439 408 504 Exultat
423 439 535 522 gauisa
550 437 647 501 nimis
662 437 776 501 Medea
792 438 954 502 sacerdos:

200 535 262 584 -185
274 523 427 588 Telorum
443 522 612 605 strepitum
627 525 732 586 castae
747 524 842 604 putat
855 543 945 585 arma
958 521 1085 586 Dianae

273 607 473 691 increpuisse
488 606 597 688 tholo,
614 605 715 670 credit
729 627 787 670 sua
801 609 879 670 uota
894 605 1041 670 sacerdos

275 694 361 757 Ante
376 712 486 775 preces
501 690 627 754 audisse
642 690 743 754 deam.
775 711 851 754 mox
865 711 986 754 numen
1001 691 1137 754 adorans

275 775 398 840 ‘Omen
413 775 520 840 adest'
536 775 643 858 inquit
659 773 820 838 ‘Triuiam
834 779 882 857 te,
901 773 995 839 Luna
1008 774 1131 859 Diana,

274 859 439 925 Confiteor
452 863 614 942 perstans,
629 858 722 923 heres
737 859 932 1008 Prosergina
947 859 1074 942 mundi,

211 955 261 1005 190
273 944 358 1009 Nam
373 943 437 1006 tria
451 963 552 1026 regna
565 947 672 1007 tenes:
694 947 730 1006 tu
746 943 834 1007 caelo
877 942 992 1026 ynthia
1006 963 1139 1028 regnas,

277 1027 433 1092 Uenatrix
446 1031 575 1091 terrena
590 1026 703 1110 micas,
724 1027 811 1110 capis
826 1027 908 1091 atria
922 1027 1025 1110 Ditis,

273 1113 433 1195 Tempora
448 1110 641 1175 distribuens
648 1160 657 1193 7
673 1112 782 1197 regnis
797 1119 830 1175 et
845 1111 989 1175 cursibus
1004 1114 1096 1195 apta:

272 1196 343 1261 Iam
379 1197 464 1259 rates
479 1194 589 1259 audita
601 1195 727 1279 loquor.
758 1196 841 1259 iacet
855 1196 963 1279 hostia
977 1195 1107 1279 templis

273 1279 336 1344 Per
350 1217 466 1344 iuctus
482 1279 616 1344 aduecta
629 1280 724 1344 tuis'
755 1279 800 1343 sic
814 1279 883 1344 fata
897 1301 956 1364 per
969 1301 1040 1344 aras

211 1377 260 1426 100
272 1364 376 1450 Uirgo
392 1367 525 1429 cruenta
540 1363 659 1428 molam
674 1363 804 1447 perfert.
836 1367 870 1427 at
885 1364 1019 1447 mystica
1034 1365 1145 1428 nutrix

266 1449 364 1514 Fessa
374 1447 450 1513 licet
461 1447 672 1511 tremebunda
682 1452 799 1532 gemat,
814 1450 923 1513 tamen
936 1449 1006 1532 ipsa
1017 1448 1171 1513 iacentem

273 1533 418 1596 Tendere
434 1531 517 1596 colla
530 1531 620 1595 iubet
635 1532 687 1594 uel
701 1536 832 1615 pectora
846 1555 951 1616 prona
966 1533 1106 1618 supinet.

272 1617 362 1701 Ergo
377 1615 566 1699 peregrinus
581 1636 654 1679 cum
671 1616 735 1679 iam
749 1621 897 1682 uersatur
911 1615 1023 1700 lason,

272 1701 370 1764 Forte
387 1699 496 1763 oculos
514 1719 572 1782 per
586 1702 671 1763 tecta
691 1700 795 1784 leuat,
818 1701 907 1766 uidet
921 1722 993 1765 ecce
1008 1701 1172 1766 uolantem

210 1797 260 1846 200
273 1787 381 1867 Atque
397 1783 591 1847 salutantem
610 1805 757 1866 puerum.
787 1785 843 1849 sed
856 1788 959 1849 nauta
969 1789 1122 1868 precatur

273 1868 439 1932 Murmure
454 1867 592 1931 sollicito
605 1869 729 1933 numen
743 1870 831 1952 quod
844 1869 982 1933 mundus
998 1869 1128 1935 adorat:

274 1951 326 2017 ‘si
340 1952 464 2017 caelum
479 1951 507 2014 si
521 1955 607 2016 terra
620 1953 669 2016 tui
684 1957 774 2036 sunt,
791 1953 888 2036 alme,
903 1954 1061 2036 triumphi

273 2035 336 2101 Uel
352 2035 508 2133 quidquid
522 2040 638 2101 natura
653 2041 756 2121 creat,
772 2038 798 2101 si
814 2038 981 2122 sanguinis
997 2059 1109 2122 expers

273 2120 388 2186 Mortis
404 2124 437 2184 et
450 2119 625 2204 infaustae,
647 2121 703 2185 sed
721 2125 798 2185 sunt
815 2126 942 2187 tantum
956 2122 1065 2188 hostia
1078 2123 1173 2187 flores

208 2218 259 2266 205
272 2204 386 2270 Matris
401 2209 434 2269 et
448 2206 586 2271 insertae
601 2207 744 2290 pendent
757 2228 815 2290 per
829 2207 950 2290 templa
965 2228 1103 2272 coronae

115 2293 117 2296 ’
273 2289 437 2375 Sanguine
451 2290 592 2375 uirginei
606 2295 734 2355 tantum
749 2295 902 2355 contenta
915 2289 1062 2374 pudoris:

272 2373 372 2458 Eripe
387 2395 438 2437 me
453 2374 504 2438 his
519 2374 639 2439 inuicte
654 2375 757 2438 malis.
787 2397 847 2460 ego
863 2375 995 2439 uictinm
1009 2396 1122 2439 seruor

273 2460 320 2520 At
343 2480 382 2520 ue
398 2457 523 2520 utinam
538 2478 661 2540 semer,
676 2459 765 2523 iaceo
780 2459 946 2524 feriendus
958 2460 994 2523 in
1008 2459 1093 2524 aris?

272 2480 598 2624 AudiitignipotenS,
615 2542 784 2607 hominum
794 2565 870 2608 nam
886 2565 1052 2608 murmura
1061 2545 1173 2626 sentit,

209 2635 260 2685 210
271 2624 316 2688 ut
329 2623 436 2688 ridens
452 2625 583 2721 gauisus
598 2625 658 2690 ait:
682 2629 807 2710 ‘pirata
820 2628 948 2711 decore,

270 2706 353 2783 Quid
368 2711 484 2772 meturs
499 2730 595 2793 quem
609 2709 677 2775 fata
691 2715 838 2795 manent,
861 2714 912 2777 cui
926 2712 1001 2776 uita
1011 2717 1175 2796 superstes

114 2822 146 2869 [n.
160 2818 196 2868 ss]
274 2792 387 2856 Restat
401 2792 514 2876 adhuc,
530 2815 625 2876 quem
637 2816 671 2860 re
719 2800 876 2880 apetunt,
892 2797 944 2860 oui
958 2796 1051 2880 pellis
1066 2801 1178 2862 ornata

272 2875 424 2940 Imminet
439 2881 472 2943 et
486 2878 627 2942 coniunx
642 2879 682 2943 da
704 2881 770 2944 itur
784 2879 897 2944 Medea
912 2881 1082 2946 sacerdos?

274 2959 337 3025 Sed
350 2981 476 3026 memor
490 2966 558 3028 estc
573 2963 637 3028 mei
652 2985 693 3028 ne
708 2969 740 3028 te
754 2964 887 3029 fortuna
902 2965 1074 3049 superbum

277 3150 325 3200 183
341 3149 405 3212 fort.
425 3151 502 3198 tecta
520 3145 639 3214 (Bacch.)
710 3153 758 3202 188
776 3152 867 3216 niquit
937 3154 985 3204 189
1003 3151 1127 3202 Confidis
1146 3169 1180 3202 eo

207 3220 249 3270 eui
269 3221 374 3268 uoculae
391 3219 555 3280 corruptelae
577 3224 638 3267 noto
660 3220 750 3268 addita
773 3228 812 3268 est
826 3219 831 3279 l
846 3219 939 3270 mendi
1007 3222 1057 3270 204
1079 3223 1181 3270 tamen

207 3302 277 3339 corr.
295 3284 392 3336 Buert.
462 3285 512 3334 206
534 3285 569 3347 cf.
591 3285 912 3336 Ualer.Max.11615
985 3289 1035 3338 207
1058 3301 1102 3336 me
1128 3306 1181 3338 noa

207 3360 281 3402 exeat
299 3369 316 3417 γ
332 3353 335 3413 Ι
351 3366 450 3417 ergop
502 3351 552 3401 208
571 3365 665 3399 scruar
728 3355 776 3401 211
797 3369 856 3403 cum
875 3370 942 3406 corr.
961 3353 1058 3408 Buecd.
1130 3359 1182 3404 212

207 3423 301 3533 {mata
323 3435 390 3470 corr.
414 3433 449 3468 erc
474 3422 573 3468 aurata
600 3421 685 3468 uersat
710 3423 873 3483 corruptelae
900 3429 960 3470 nota
985 3424 1114 3486 praefixa
1143 3433 1183 3472 err

228 3488 258 3534 13
277 3485 403 3536 coniunx·

576 3771 881 3856 Af&
