2468 3888
420 211 566 268 INOERTI
581 211 779 268 AVCTORES.
1039 207 1081 271 57

114 375 197 439 leius
225 374 266 439 ad
293 373 372 439 Hor.
401 373 636 458 c.111‚12‚1
666 378 772 440 tolum
798 374 1015 461 fragmenlum
1044 396 1082 440 eo

116 458 211 524 modo
240 459 408 524 constituit
456 480 530 523 uem
562 459 625 543 ipsi
651 459 867 542 probavimus.
912 460 1020 525 Possis
1051 464 1084 525 ei

116 544 211 609 aliter
226 543 411 628 disposuere.
434 481 505 608 (led
520 543 668 609 Bentleio
683 565 721 608 ea
735 545 872 608 maxime
894 566 989 610 causa
1011 545 1083 609 sub-

116 628 299 713 scribimus,
327 628 414 712 quod
440 630 486 693 ira
517 651 667 693 versuum
695 633 728 693 ei
754 650 905 694 sensuum
932 630 1012 694 fines
1033 633 1083 694 ter

116 713 332 779 consentiunt.
377 711 526 779 Celerum
554 714 640 798 quod
667 712 793 778 dubitat
817 714 887 798 ille,
915 714 951 778 hi
972 736 1083 779 versus

115 798 217 882 ipsius
245 799 311 863 sint
331 798 517 863 Terentiam
544 821 587 863 an
608 796 720 863 Sereni
764 819 825 896 ego
847 801 992 864 neulrius
1014 820 1083 864 esse

117 883 283 967 existim03
307 905 422 967 nempe
445 884 596 949 abhorret
618 905 637 948 a
658 849 815 949 moileslua
836 884 922 948 illius
938 884 1083 967 exempla

117 989 157 1033 ex
188 968 328 1052 propriis
362 968 555 1033 carminibus
586 968 688 1052 petila
718 970 857 1033 inserere
889 969 989 1052 libro;
1023 990 1083 1033 nec

117 1051 268 1136 Septimii
290 1075 357 1118 esse
379 1075 430 1118 res
452 1053 582 1117 bellicas
604 1074 718 1118 canere
740 1053 819 1118 alias
840 1054 1025 1119 memoravi.

118 1138 168 1202 13.
423 1139 531 1221 opima
552 1137 686 1221 adposui
708 1160 805 1202 senex

422 1223 537 1286 Amori
558 1244 647 1287 arma
667 1221 821 1288 Feretrio.

182 1307 253 1372 Ter.
282 1307 338 1371 ubi
366 1306 466 1371 referi
492 1306 530 1370 de
557 1307 722 1392 glyconeis
750 1329 822 1372 cum
850 1308 920 1372 basi
947 1308 1084 1372 iambica

115 1415 148 1456 v.
170 1391 253 1456 2631
278 1414 362 1476 sqq.:
385 1392 466 1457 alter
488 1392 668 1457 consimiles
691 1391 786 1458 dedit.

118 1477 204 1542 raa
419 1498 578 1561 purpurae
600 1477 700 1562 leguli
721 1499 822 1542 senes.

117 1680 204 1744 14.b
420 1681 508 1745 inlus
530 1681 583 1746 hic
604 1681 661 1746 ubi
683 1680 882 1746 consitumsl.

181 1764 253 1828 Ter.
275 1764 318 1828 ib.
342 1764 426 1830 2634
447 1766 636 1832 trochaeum
657 1788 784 1850 quoque
807 1767 852 1831 sic
874 1766 968 1832 locat.

182 1847 245 1914 Sed
273 1849 347 1914 finis
369 1850 541 1934 aliquando
563 1850 728 1916 faciendus
751 1853 856 1935 operi3
884 1873 960 1916 nam
980 1851 1083 1935 plera-

115 1955 180 2018 que
203 1937 485 2019 grammalicorum
508 1937 655 2019 exempla
669 1935 856 2019 omillenda
879 1957 960 2019 quae
975 1940 1083 2000 uirum

115 2018 184 2084 sint
210 2023 378 2102 poetarum
406 2041 448 2084 an
475 2021 619 2103 ipsorum
645 2041 821 2103 numquam
846 2020 968 2102 polerit
994 2025 1082 2085 cerlo

115 2103 255 2188 definiri,
277 2103 353 2170 licet
374 2103 468 2170 facile
490 2103 646 2168 adducere
667 2108 704 2169 ut
725 2103 834 2169 credas
855 2103 943 2168 haud
963 2126 1083 2187 paucos

115 2188 230 2255 Sereni
253 2191 285 2253 ei
307 2189 487 2274 aequalium
509 2189 605 2253 huius
627 2210 738 2254 versus
765 2188 948 2253 delitescere
970 2189 1005 2253 in
1027 2189 1082 2255 eis.
