2474 3886
173 217 215 281 56
520 215 799 268 narraremus

83 385 117 434 [p.
131 386 166 438 u]
174 380 222 429 135
237 366 389 433 Nominis
404 365 560 430 inuidiam
575 366 675 429 uestri
690 385 747 449 per
761 365 897 429 flumina
910 387 1022 430 manes

237 451 425 536 Exagitant‚
441 471 499 514 sua
512 450 584 514 iura
598 469 696 534 neges
712 449 799 533 quod
813 454 916 514 morte
932 451 1119 535 peremptis,

237 535 486 618 Patroclumque
500 536 614 598 tenent
628 555 724 617 quem
744 554 804 597 nec
827 531 1040 682 conscendere
1055 555 1144 618 cym-

908 639 960 682 am

237 703 436 768 Permittunt
447 702 511 765 nisi
522 702 644 785 primus
656 724 756 786 aquas
767 701 1140 767 transcenderitHector.

237 787 281 852 Et
295 786 420 852 nullum
435 808 508 869 pars
523 790 635 850 nostra
649 787 727 850 sinit
740 787 877 850 transire
892 807 951 870 per
965 785 1067 850 undas

175 883 224 932 140
238 874 288 934 Ac
303 875 421 936 sortem
436 869 574 935 retinere
589 893 679 934 suam
694 871 758 935 nisi
772 871 833 934 rite
849 871 1032 953 sepultum?

81 1019 170 1124 Ἦ·
238 1020 359 1085 Desine
374 1021 567 1104 bellipotens
582 1022 706 1086 animos
721 1023 859 1087 retinere
873 1021 1006 1102 feroces

238 1104 314 1168 Dux
328 1105 393 1188 iras
408 1105 541 1188 depone,
557 1127 680 1191 precor.
703 1128 771 1170 non
786 1106 904 1170 sentiet
917 1103 1047 1188 Hector,

239 1187 401 1272 Quidquid
415 1189 451 1256 in
465 1189 558 1255 hoste
573 1190 663 1273 luris,
678 1189 820 1254 lacerum
836 1190 978 1254 tenuisse
993 1189 1140 1256 cadauer.

240 1271 440 1356 Sup'plicium
455 1295 523 1338 non
533 1273 655 1340 Hector
668 1274 767 1339 habet
781 1274 836 1339 sed
850 1294 956 1357 poena
967 1273 1141 1358 Pelasgum

177 1367 226 1418 146
241 1355 395 1422 Serualur
409 1379 467 1441 per
481 1363 585 1423 castra
598 1359 677 1441 tuis,
694 1357 769 1424 dum
783 1359 899 1424 funera
913 1357 1018 1440 punis.
1054 1423 1057 1430 ,

238 1444 364 1506 Aeacus
380 1442 545 1526 inuidiam,
561 1464 653 1507 carus
667 1445 830 1507 tormenta
844 1441 1012 1507 Patroclus

238 1524 384 1590 Sustinet
399 1530 431 1589 et
445 1528 543 1590 uestri
560 1548 681 1610 poenas
696 1526 758 1590 luit
772 1526 826 1591 ille
843 1524 972 1590 doloris.

238 1607 302 1673 Uel
315 1607 457 1672 medium
472 1609 618 1692 Priam0,
635 1631 790 1695 generose
797 1661 806 1694 ‚
821 1607 956 1674 refunde
972 1609 1117 1691 cadauer,

237 1691 270 1758 N
271 1714 323 1756 am
337 1695 463 1775 partem
477 1697 620 1758 tractura
633 1698 730 1761 tenet.
755 1696 782 1759 si
797 1693 929 1759 reddere
944 1715 1060 1776 corpus

175 1788 226 1838 150
240 1775 285 1840 Et
298 1776 420 1840 laceros
436 1781 524 1842 artus
539 1782 663 1862 tempta
677 1780 796 1862 pietate
811 1779 956 1864 negabis,

237 1859 333 1924 Exiet
347 1860 574 1927 Andromache
589 1884 700 1927 socero
718 1863 894 1927 comitante
909 1883 967 1945 per
981 1881 1076 1946 agros

237 1945 437 2028 Astyanacta
450 1946 582 2012 trahens
597 1968 662 2030 qua
674 1947 783 2012 tritior
798 1947 904 2012 orbita
918 1949 1077 2010 monstrat

237 2027 282 2092 Et
295 2029 327 2092 le
350 2032 383 2093 et
396 2028 510 2094 infelix
525 2030 661 2115 dispersi
675 2032 819 2096 membra
832 2031 942 2094 mariti

238 2110 339 2196 Ueprr
362 2135 400 2178 us
416 2134 433 2177 e
448 2113 561 2179 mediis
586 2137 700 2200 rupem
715 2117 883 2201 complexa
897 2116 1063 2179 cruentam

175 2209 223 2258 155
240 2195 358 2262 Oscula
371 2197 436 2262 fixa
450 2198 539 2264 dabit
578 2200 663 2266 'cens
680 2198 718 2264 de
733 2222 813 2284 rupe
827 2200 980 2264 maritum

237 2319 279 2328 -
293 2281 412 2365 Inque
432 2285 564 2368 sanguis
579 2285 640 2349 erit
660 2305 774 2368 rupem
794 2283 1046 2381 uocatHeotora
1064 2299 1143 2344 con-

885 2390 942 2432 1ux
956 2403 999 2412 —

236 2449 281 2512 nt
294 2469 431 2532 puerum
445 2451 626 2515 miseranda
641 2453 735 2517 docet
748 2473 790 2516 ne
806 2452 908 2516 calcet
921 2471 1035 2515 arenas

86 2548 118 2598 [u.
131 2549 166 2598 ⁷2]
238 2531 356 2596 Infecit
371 2554 449 2617 quas
463 2534 548 2598 forte
563 2555 672 2619 cruor,
688 2537 879 2620 tardumque
894 2557 952 2620 per
965 2535 1062 2600 horas

235 2614 412 2698 Exspectat
447 2638 602 2684 socerum.
651 2620 707 2685 sed
742 2641 810 2686 non
842 2623 951 2768 mlii:
990 2616 1144 2701 exprimit
1225 2697 1226 2704 ἵ

914 2705 1006 2768 erbas

175 2795 225 2846 160
240 2782 326 2858 Quas
340 2784 486 2849 rubuisse
501 2785 599 2851 uidet.
627 2786 690 2852 hoc
704 2789 775 2852 nati
789 2788 932 2853 uultibus
947 2787 1035 2854 accit

237 2866 284 2931 Ut
297 2871 423 2950 patrem
437 2869 521 2933 ferat
536 2891 591 2934 ore
605 2893 694 2954 puer.
718 2872 871 2937 suadente
887 2871 998 2936 dolore

237 2951 313 3035 Ipsa
328 2951 389 3016 sibi
404 2953 535 3017 demens
551 2958 721 3039 extorquet
734 2960 771 3020 ut
785 2955 927 3020 Hectora
939 2954 1049 3019 credat

110 3097 116 3102 ,
238 3037 437 3119 Astyanacta
451 3058 554 3102 suum.
583 3037 714 3104 Priamo
728 3043 837 3105 tamen
851 3039 1002 3104 Hectoris
1018 3059 1091 3104 ossa

241 3291 290 3341 135
314 3290 421 3341 inuidia
491 3293 540 3342 136
558 3292 638 3357 nogia
707 3297 756 3346 144
780 3294 941 3361 Supplicum
1012 3291 1059 3364 141}
1078 3291 1145 3345 Ser·
1223 3329 1224 3332 κ

172 3361 273 3406 uantur
344 3359 390 3409 146
406 3359 500 3409 Eacus
527 3355 532 3422 Ι
556 3360 663 3409 inuidia
681 3377 749 3416 corr.
766 3361 864 3414 Buecl.
934 3364 981 3412 151
1002 3363 1145 3415 contante

207 3425 255 3473 152
273 3425 439 3477 Aelianacta
454 3424 458 3491 Ι
473 3425 580 3476 tristior
597 3441 665 3482 corr.
684 3428 780 3481 Buecl.
839 3432 887 3480 113
905 3429 1021 3479 infoelix
1093 3433 1146 3483 154

172 3495 202 3541 ot
219 3489 317 3542 mediis
382 3495 430 3546 157
447 3491 610 3545 maceranda
628 3491 633 3558 Ι
649 3493 769 3547 harenas
840 3498 887 3547 161
907 3501 987 3560 patre

591 3785 906 3836 ΑΛ.
