2468 3888
396 197 543 253 INCERTI
564 198 763 256 AVCTORES.
1019 195 1061 260 55

91 363 208 508 poetae
230 361 392 426 neoterico
415 384 452 427 ac
473 365 609 428 fortasse
631 360 750 427 Sereno
773 362 924 428 videntur
945 363 1061 428 adscri-

117 444 208 509 enda.
253 445 402 511 Getarum
428 449 464 511 in
491 447 637 511 Parisino
666 447 749 512 libro
777 448 861 513 7929
892 470 1061 533 perperam

91 528 215 614 legitur
237 531 295 595 ‘sic
317 535 365 597 est
385 536 517 597 natura’
541 536 574 596 et
595 532 791 617 ‘imaginis’.

90 634 123 696 4.
381 635 444 698 huc
466 633 540 698 ades
562 633 667 719 Lyaeo
674 684 683 717 ,

383 719 555 803 Bassareu,
577 719 719 783 bicornis
725 769 734 802 ‚

382 802 545 886 Maenole‚
567 803 720 887 bimater‚

382 889 469 953 crine
491 888 612 953 nitidus
634 892 726 972 apt03

381 972 476 1038 luteis
501 973 661 1058 corymbis

380 1057 552 1122 hederate
574 1062 717 1126 coronet.

381 1143 475 1206 hasta
496 1141 607 1207 viridis
630 1147 741 1207 armet.

379 1226 523 1310 placidus
546 1226 620 1291 ades
642 1226 684 1291 ad
704 1249 791 1310 aras,

380 1311 522 1396 Bacche,
544 1311 687 1396 Bacche,
710 1311 846 1377 Bacche.

158 1412 263 1478 Affert
276 1413 397 1478 Atilius
413 1412 665 1478 Fortunatianus
680 1434 734 1499 pg.
749 1414 813 1478 312
827 1414 863 1478 in
878 1416 1060 1498 exemplum

96 1498 187 1561 metri
213 1497 426 1582 ithyphallici.
470 1497 630 1563 Vltimum
659 1520 786 1564 versum
814 1497 933 1563 ibidem
962 1500 1060 1564 etiam
1118 1563 1122 1568 ,

97 1581 221 1665 promit,
244 1604 305 1647 nec
319 1583 425 1646 minus
440 1582 651 1682 Terentianus
671 1606 701 1683 v:
717 1583 803 1682 2594
824 1588 858 1648 et
871 1582 1059 1649 Victorinus

96 1669 187 1815 {tt
191 1667 968 1838 tut}httttthtttttttt113⁰
990 1691 1059 1818 a:

98 1857 182 1900 mun
203 1841 342 1903 metrum
357 1837 508 1903 Diomedi
531 1860 658 1922 quoque
681 1843 893 1905 memoratum
915 1860 968 1925 pg.
984 1839 1057 1905 511.

97 1920 241 2005 Den'que
262 1921 449 1987 Victorinus
477 1943 531 2007 pg.
557 1923 617 1988 125
644 1924 700 1988 ubi
727 1928 838 1988 narrat
873 1924 1059 2009 ithyphalli-

98 2027 175 2070 cum
188 2028 358 2071 numerum
379 2029 473 2090 saepe
495 2006 578 2071 solvi
599 2007 635 2069 in
650 2008 838 2091 tribrachyn
859 2009 985 2091 profert
1006 2031 1057 2073 vv.

100 2093 130 2156 7.
155 2089 189 2173 8,
209 2092 265 2156 sed
295 2093 432 2156 alterum
458 2112 517 2176 per
537 2090 820 2174 interpolationem
841 2091 1059 2158 foedissimam

99 2174 247 2258 scriptam
273 2176 334 2241 ita:
368 2176 530 2260 ‘placidus
556 2176 684 2260 percipe
712 2199 829 2241 munus
838 2183 858 2241 '.
904 2176 953 2242 cf.
982 2200 1057 2242 ann.

100 2259 206 2344 philol
234 2283 262 2326 a.
288 2261 369 2327 1866
395 2282 449 2346 pg.
473 2261 544 2326 863.
589 2260 630 2326 V.
652 2262 672 2326 3
701 2261 886 2326 ‘Maenole’
907 2261 1058 2348 Vngcrus

100 2347 138 2409 in
159 2345 303 2411 analectis
324 2345 545 2430 Propertianis
566 2367 622 2431 pg.
644 2346 702 2430 533
730 2369 760 2411 v.
786 2345 968 2411 ‘Maenala’
991 2347 1058 2412 sive

101 2428 299 2515 ‘Maeralie'‚
326 2431 412 2495 unde
438 2431 541 2496 Aldus
567 2453 625 2515 per
657 2431 941 2515 interpolationem
974 2431 1058 2517 ‘Ny-

100 2513 214 2580 ctelie'
244 2553 287 2563 -
315 2520 426 2599 ‘apto’
454 2538 529 2598 noa,
559 2519 671 2600 ‘apte'
701 2539 731 2581 v.
765 2553 808 2563 -
839 2517 984 2581 Anniani
1006 2518 1058 2581 vel

101 2599 215 2665 Sereni
232 2621 300 2665 esse
326 2601 389 2665 hoc
416 2621 545 2665 carmen
571 2623 639 2665 non
666 2601 818 2666 abhorret
845 2623 864 2666 a
885 2601 1058 2685 probabili-

100 2770 133 2834 5.
178 2766 291 2854 [cha
305 2769 418 2856 Roma,
442 2792 536 2836 cerne
551 2773 672 2854 quanta
688 2771 731 2836 sit
748 2771 842 2835 deum
860 2769 1055 2857 benignitas]

168 2869 237 2934 Mar
260 2871 343 2937 Vict.
366 2893 420 2958 pg.
437 2873 478 2936 70
500 2875 533 2937 et
553 2871 756 2957 Augustinus
778 2870 817 2936 de
839 2873 961 2936 musica
981 2872 1057 2956 V,7

102 2959 137 3020 et
158 2976 272 3038 saepus
294 2978 354 3040 pro
377 2978 467 3021 exem
490 2957 523 3022 lo
537 2957 716 3022 tetrametri
738 2956 894 3022 trochaici
909 2957 1057 3022 affenmt.

102 3039 244 3106 Ceterun
263 3040 436 3106 videndum
457 2979 519 3127 lig.
543 3041 572 3107 8.

103 3143 133 3207 6.
380 3142 531 3208 Inachiae
551 3143 678 3227 puellae

379 3249 436 3292 seu
455 3229 548 3292 bovis
570 3228 624 3292 ille
646 3231 762 3293 custos.

169 3327 240 3392 Ter.
255 3351 281 3394 v.
297 3327 382 3395 2525
404 3351 488 3415 sqq.:
512 3333 544 3394 et
565 3329 768 3395 choriambus
789 3352 873 3394 unus
894 3329 1057 3414 praeditus

103 3411 281 3478 antibacclo
310 3413 467 3479 claudicat
499 3418 536 3480 ut
566 3415 699 3499 priores.
739 3414 848 3479 videro
882 3415 910 3479 si
936 3414 1058 3480 novelli

102 3519 214 3562 versus
236 3499 285 3564 eit
305 3503 428 3583 poetae.
