2468 3888
166 188 208 254 30
575 171 724 248 raonis

228 378 324 421 nemo
339 379 407 422 non
421 356 499 422 haec
514 377 590 421 vera
605 356 697 439 dicit,
720 377 815 421 nemo
835 377 904 420 non
918 360 1032 420 eontra
1045 355 1131 422 facit.

229 457 270 524 V.
291 457 312 521 2
340 459 458 542 pudor,
482 459 584 523 dictus
605 462 643 522 ut
671 459 756 541 apud
776 457 857 522 Hor.
881 462 938 522 sat.
961 458 994 542 l,
1017 458 1052 542 6,
1074 458 1131 542 573

167 542 241 608 Tae.
264 565 338 608 amr.
361 542 418 628 Xl,
441 544 491 608 35.

189 645 218 710 9.
252 646 399 710 consules
420 647 504 710 fiunt
526 644 706 728 quodannis
729 648 761 709 et
781 645 860 708 novi
881 644 1103 729 proconsules,

252 731 339 795 solus
360 734 417 795 aut
437 752 494 794 rex
509 734 565 795 aut
584 734 682 813 poeta
695 751 763 794 non
779 729 959 813 quodannis
979 729 1131 795 nascitur.

168 815 217 880 10.
251 819 410 880 venerunt
431 814 603 898 aliquando
625 837 726 879 rosae.
770 835 829 898 per
850 815 934 879 veris
956 814 1084 880 amoeni

252 901 420 1049 lilium
435 899 1055 1049 mat⁶t0ttt30fftiltlilttffl>

251 1008 347 1134 lertio,
367 1007 434 1133 ildlid
454 1069 612 1153 calathos,
634 1073 746 1139 totumx
760 1069 817 1134 lux
839 1074 953 1153 quarta
974 1034 1099 1154 p'eregit

178 1185 180 1192 ¹
223 1155 341 1219 5floris
356 1176 446 1237 opus.
476 1158 613 1238 pereunt
633 1155 746 1238 hodie,
767 1154 832 1219 nisi
854 1176 947 1218 mane
969 1154 1133 1239 leguntur.

229 1255 270 1321 V.
288 1258 305 1320 1
329 1277 462 1320 amoene
478 1255 510 1322 S.
528 1295 566 1302 —
589 1257 631 1321 ib.
648 1257 668 1320 3
684 1261 776 1340 ‘per'
792 1255 1025 1340 Baehrensius3
1049 1261 1133 1340 ‘pro’

166 1340 251 1425 edd,
278 1363 346 1406 non
374 1345 477 1425 recte,
516 1342 571 1424 qui
598 1341 685 1405 enim
717 1340 918 1426 indignantis
951 1341 1135 1406 interiectio

165 1425 241 1490 huic
267 1427 339 1491 loco
369 1425 467 1511 apta?
494 1465 536 1474 -
564 1427 651 1491 ruo
684 1425 871 1511 ‘legimtur'
906 1425 1134 1510 BaehrensiuS,

167 1510 353 1597 ‘legantur'
375 1534 404 1576 v.
442 1509 592 1577 Ceterum
611 1514 768 1595 quantum
790 1511 831 1575 ad
852 1510 1045 1576 sententiam
1067 1533 1136 1575 oar-

165 1597 262 1660 minis
290 1595 484 1661 conferenda
510 1595 702 1680 Hieronymi
730 1596 856 1679 epistol.
884 1595 926 1660 26
953 1596 1011 1660 illa
1043 1597 1136 1679 ‘quis

165 1681 398 1764 parturientem
419 1701 526 1744 rosam
548 1684 581 1744 et
601 1680 793 1764 papillatum
820 1681 1022 1765 corymbum,
1045 1684 1136 1745 ante-

166 1765 320 1913 litlot
341 1763 1136 1932 restaurandarum

658 1901 667 1934 7

168 1935 239 2018 quis
262 1933 363 1998 oculis
385 1955 578 1999 marcescere
600 1935 746 2000 videat?'

640 2037 658 2074 ³3

743 2085 761 2122 ²3

537 2085 555 2122 tlt

574 2122 612 2185 de
634 2122 724 2186 rosis

168 2208 218 2271 11.
254 2205 284 2294 [a
306 2207 416 2291 quales
438 2227 498 2292 ego
521 2228 615 2272 mane
634 2228 722 2271 rosas
744 2205 915 2289 procedere
938 2205 1019 2270 vidi!

250 2293 466 2358 nascebantur
481 2291 584 2357 adhuc
595 2313 700 2376 neque
715 2293 784 2355 erat
797 2312 856 2375 par
871 2292 1021 2356 omnibus
1035 2296 1134 2357 aetas.

250 2378 356 2462 prima
375 2377 549 2461 papillatus
570 2377 706 2441 ducebat
726 2379 811 2440 tecta
832 2377 1015 2461 corymbos,

252 2463 352 2527 altera
372 2462 526 2545 puniceos
548 2460 654 2543 apices
675 2461 815 2525 umbone
837 2460 979 2545 levabat,

209 2558 224 2607 5
250 2547 347 2611 tertia
368 2547 433 2610 iam
454 2547 561 2608 totum
583 2539 701 2610 calathi
722 2545 918 2629 patefecerat
939 2546 1063 2632 orbem,

274 2634 367 2694 uarta
390 2628 486 2692 simul
507 2628 607 2693 nituit
627 2629 740 2694 nudati
762 2631 906 2716 germine
928 2631 1026 2696 floris.

252 2652 327 2778 dum
355 2712 443 2777 levat
468 2734 533 2778 una
559 2718 656 2798 eaput
690 2715 842 2864 dumque1
862 2715 1000 2800 explieat
1033 2716 1134 2780 altera

775 2823 819 2866 no
842 2824 897 2865 um

252 2883 312 2966 sic,
334 2883 410 2946 dum
432 2883 596 2970 virgineus
618 2884 723 2968 pudor
744 2851 914 2950 exinuatui
935 2886 1068 2969 amictu,

250 2989 292 3033 ne
307 2973 441 3052 pereant
453 2968 525 3054 lege
540 2991 634 3034 mane
654 2991 757 3034 rosas:
780 2971 844 3036 cito
860 2972 952 3056 virgo
973 2967 1131 3055 senescit]

229 3070 270 3135 V.
288 3071 305 3133 1
329 3076 381 3132 ‘a’
398 3069 468 3134 add.
484 3069 709 3154 Baehrensius,
725 3070 765 3134 al.
781 3073 846 3136 ὀἱ
861 3110 903 3120 -
917 3072 959 3137 ib.
976 3073 996 3136 3
1013 3075 1130 3137 ‘tecta’

122 3159 125 3166 ⁴
168 3155 238 3220 add.
262 3153 517 3238 Oudendorpius.
540 3193 582 3202 —
609 3156 651 3220 ib.
674 3156 696 3220 5
719 3157 831 3220 ‘tertia
852 3158 935 3221 iam'
958 3177 1029 3242 ego,
1051 3158 1084 3221 in
1106 3153 1131 3219 S

165 3245 274 3304 utrum
298 3240 461 3306 ‘tertiam’
485 3261 527 3303 an
549 3241 696 3304 ‘tertiam
710 3248 793 3305 non'
815 3241 942 3327 legatur
963 3263 1032 3307 non
1053 3239 1132 3306 satis

166 3329 300 3404 apparet
327 3346 366 3388 ex
393 3323 602 3387 adnotatione
629 3323 739 3388 Riesii.
784 3323 846 3388 Sed
875 3326 953 3408 quid
973 3345 1131 3410 reponen-

167 3405 242 3468 dum
265 3407 307 3468 sit
329 3408 456 3490 utique,
483 3405 639 3486 probatur
661 3427 687 3468 c.
713 3407 753 3468 10
773 3428 803 3469 v.
826 3409 856 3471 4.
879 3446 921 3456 -
943 3410 988 3473 ib.
1012 3412 1033 3474 6
1055 3414 1132 3474 ‘nu-

166 3487 251 3552 dati'
275 3487 367 3572 Oud,
390 3492 548 3554 ‘mutato'
570 3484 608 3566 S,
631 3487 671 3550 ef.
694 3487 783 3570 idyll.
806 3488 845 3552 de
867 3513 940 3554 rosa
961 3515 1012 3558 vv.
1029 3494 1080 3578 23,
1098 3493 1132 3556 4.

456 3794 754 3846 ΑΔ
