2474 3886
427 241 495 291 VIII
514 243 648 293 173-234
981 241 1021 304 37

122 391 224 468 Quom
241 390 359 457 Olotho
376 412 471 474 quem
486 389 637 454 Lachesis
658 411 752 473 quem
769 390 912 488 uindicat
927 393 1022 456 Atro-

765 497 825 558 pos
839 496 964 560 mgens.

120 561 266 627 Scindite
282 559 409 646 pellitos
424 560 521 624 niueo
537 558 575 624 de
590 562 719 642 pectore
736 563 858 643 uestes,

52 661 105 709 205
118 645 243 711 Murice
259 666 389 710 serrano
406 645 542 710 rutilans
556 642 643 706 huno
658 665 801 727 purpura
816 644 911 708 22122.

118 731 189 796 Ν22
202 730 323 814 pudeat
337 729 423 812 quod
437 729 529 811 pauit
543 749 635 792 oues:
658 749 718 814 ego
734 732 844 812 pastor
858 729 979 812 Apollo

118 815 136 880 I
159 837 193 879 02
209 815 257 878 fui
272 813 483 896 domibusque
498 820 616 878 canens
631 835 728 896 pecus
745 835 839 878 omne
855 815 962 900 coegi,

150 921 204 963 um
219 898 333 982 procul
348 919 368 962 2
381 898 460 964 uilla
474 897 634 962 fumantia
648 901 733 962 22022
747 898 905 982 uiderem,

121 984 287 1048 Alcestam
302 984 361 1048 sub
375 986 471 1046 nocte
485 1003 607 1065 pauens
623 982 700 1046 deus
715 983 815 1048 ubera
828 984 946 1067 pressi,

51 1082 107 1131 210
120 1069 276 1132 Admetus
290 1068 449 1132 intrantes
465 1066 583 1132 haedos
598 1068 788 1131 numerabat
803 1072 836 1132 et
851 1073 982 1152 agnos'

119 1153 256 1216 Dixerat
271 1157 304 1216 22
317 1151 486 1216 Phoebum
501 1151 647 1216 Priamus
663 1152 839 1216 submissus
854 1153 967 1217 adorat
1019 1167 1024 1178 “

118 1235 164 1300 Et
178 1242 285 1321 grates
301 1243 430 1302 securus
445 1235 528 1321 agit,
544 1239 629 1300 tacet
644 1237 784 1318 optimus
799 1235 929 1302 Hector.

120 1321 190 1386 Iam
206 1341 306 1406 regno
322 1343 390 1386 non
405 1321 509 1404 impar
524 1323 607 1402 erat,
623 1321 679 1383 sed
694 1325 819 1403 sceptra
833 1322 950 1386 tiaram

120 1406 297 1488 Imperium
311 1405 438 1470 trabeas
453 1405 518 1468 iarn
531 1407 606 1486 post
621 1405 756 1468 caeleste
772 1405 915 1471 tribunal

51 1503 105 1552 215
122 1489 241 1554 'Potum
257 1490 321 1553 uile
336 1493 444 1572 putat,
460 1489 561 1554 solam
577 1487 667 1570 eupit
681 1487 795 1553 addere
810 1489 929 1554 famam

122 1573 283 1638 Maiorum
299 1573 419 1656 titulis,
434 1571 564 1637 uiuaoes
580 1595 731 1656 quaerere
747 1573 871 1656 laudes,

121 1657 168 1724 Ut
183 1659 265 1722 02122
281 1657 368 1742 quod
382 1661 493 1741 pastor
511 1661 587 1722 erat.
619 1659 674 1721 uix
688 1658 814 1724 uiderat
828 1661 936 1726 aulam

119 1741 233 1827 Regis,
250 1747 282 1807 et
292 1743 406 1808 Iliacas
422 1743 547 1826 quaerit
561 1763 619 1825 per
633 1742 730 1808 litora
743 1766 867 1827 puppes
874 1795 883 1828 ,

118 1829 286 1911 Aegaeum
300 1828 424 1891 sulcare
440 1827 558 1891 fretum
573 1827 638 1890 iarn
653 1831 760 1892 mente
775 1830 918 1911 parabat.

50 1925 105 1972 220
118 1909 171 1975 Sic
186 1915 278 1994 pater
293 1911 477 1994 adloquitur
491 1911 641 1976 iuuenem
657 1933 804 1977 sermone
819 1913 977 1978 uerendo:

120 1993 222 2060 ‘Nate
238 1995 337 2060 redux
351 1995 480 2078 pietatis
495 2017 599 2078 amor,
614 1997 719 2062 bonus
735 1997 855 2062 arbiter
868 1997 959 2081 ldae,

117 2079 181 2142 Dio
195 2081 252 2144 ubi
267 2081 316 2144 uis
332 2100 455 2144 armare
469 2083 554 2144 rates
561 2130 570 2163 ,
585 2081 642 2144 ubi
657 2082 788 2146 carbasa
801 2082 916 2146 tendis,
1027 2093 1059 2140 [1³-
1068 2091 1105 2140 ⁴⁶1

114 2162 494 2247 Ι12200222211121122220,
511 2185 647 2248 regnum
663 2166 721 2229 sub
737 2187 816 2248 pace
831 2169 987 2250 guberno.

118 2246 182 2312 Sed
198 2249 225 2312 si
239 2251 352 2332 torpor
366 2249 452 2312 iners
466 2249 571 2331 pudor
586 2252 634 2312 est
649 2253 682 2312 22
695 2252 790 2332 turpe
805 2271 920 2314 uacare

48 2344 102 2394 225
118 2332 246 2415 Orodis,
262 2333 459 2416 Alexander,
475 2337 560 2396 02222
575 2333 701 2418 legatus
716 2333 843 2418 adesto,

115 2415 162 2480 Et
172 2417 348 2482 Telamona
359 2417 471 2480 ducem
488 2423 683 2482 conuentum
697 2439 832 2502 exposce
848 2440 991 2483 sororem

115 2500 284 2564 Hesionen
298 2523 389 2584 mox,
404 2503 495 2585 nato',
511 2523 631 2566 meam:
657 2505 785 2588 captiua
798 2507 928 2568 tenetur

116 2583 171 2648 Me
186 2590 342 2668 regnante
358 2607 458 2650 soror.
490 2587 565 2651 dum
580 2586 699 2652 Dorica
713 2609 815 2673 regna
828 2609 980 2674 peragras

116 2669 184 2732 Dat
199 2667 311 2734 Uenus
326 2692 474 2754 uxorem,
490 2671 589 2734 faciet
602 2676 634 2736 te
650 2672 732 2737 Iuno
748 2673 924 2738 maritum?

46 2767 102 2814 230
114 2752 208 2816 Tunc
223 2754 350 2818 iuuenis
365 2755 496 2840 gauisus
511 2756 571 2819 ait:
594 2763 760 2839 ‘paremus
775 2762 925 2840 ouantes,

116 2835 246 2919 Optime
258 2837 488 2923 Troiugenum,
504 2839 587 2906 nihil
599 2846 647 2905 202
657 2842 743 2924 quod
752 2843 840 2906 iussa
849 2847 1016 2907 recusem?

114 2920 269 2986 Laetatus
284 2924 393 2988 senior
406 2924 465 2987 tali
481 2924 699 2990 moderamine
714 2927 783 2990 nati

113 3003 256 3069 Effatur:
281 3011 354 3070 ‘tua
368 3012 460 3091 uota,
476 3007 584 3090 Paris,
601 3008 632 3072 di
648 3010 733 3074 iusta
747 3011 938 3088 secundent,

112 3087 187 3153 Hoc
201 3093 329 3154 tantum
345 3093 480 3175 supplex
494 3093 623 3177 genitor
636 3115 693 3158 rex
700 3145 709 3178 ,
725 3098 816 3178 nate,
832 3099 996 3179 precatur:

116 3260 169 3310 203
187 3259 269 3312 (Iloto
284 3259 288 3326 Ι
303 3262 439 3315 1221220010
495 3265 545 3314 200
564 3265 689 3315 rutulans
707 3283 775 3316 corr.
796 3268 844 3318 IM
900 3266 950 3315 207
969 3281 1016 3314 ea-

40 3343 110 3378 rens
131 3325 185 3376 IM
267 3331 317 3379 209
339 3329 466 3380 21220220
488 3331 538 3380 IM
558 3334 712 3397 ineptissime
798 3336 847 3383 212
868 3339 929 3395 poet
951 3333 1017 3382 tunc

40 3395 536 3456 2222221022.20222110220012222222
604 3403 654 3451 217
679 3401 738 3451 0210
756 3418 825 3452 corr.
850 3400 900 3450 IM
966 3401 1015 3450 222

37 3463 142 3513 licebat
159 3477 209 3512 eur
260 3465 310 3516 223
327 3463 401 3515 bello
421 3481 490 3519 corr.
509 3466 559 3516 ΙΜ
609 3470 658 3518 226
676 3468 817 3520 talamona
834 3465 1016 3532 {conuentam

39 3547 117 3584 corr.
134 3529 233 3581 Buect.
304 3533 353 3583 227
374 3533 506 3584 Esionem
576 3537 625 3586 229
644 3541 672 3586 te
689 3537 744 3586 uno
812 3539 862 3588 232
880 3535 1017 3588 Laetatur
