2474 3886
192 211 234 274 86
561 207 798 262 snrrsrncrro

261 360 359 425 Cuius
374 359 415 422 ab
430 357 566 441 imperio
582 379 716 443 surgens
732 359 764 422 et
779 359 904 443 origine
920 357 1039 424 Caesar

197 459 247 508 180
304 445 471 529 Augustus
486 443 604 506 meruit
617 446 744 525 tempus
759 443 877 508 habere
892 443 991 526 pium.

259 531 416 614 Tempore
445 549 584 611 namque
613 527 724 617 eodem
755 530 803 592 est
831 527 994 676 natughde
1025 529 1150 616 uirgine
1213 537 1214 558 ³

954 613 1052 678 rietus

303 699 401 764 Cuius
417 702 449 762 et
464 697 595 774 emicuit
608 695 701 760 stella
715 717 773 780 per
787 700 873 760 astra
887 697 965 780 poli.
1053 664 1062 697 7

260 783 335 848 Dux
349 783 499 868 princeps
513 781 679 846 Romanus
695 784 763 845 erat
778 781 815 844 de
830 781 975 864 principe
991 781 1084 848 Titus

303 867 420 933 Sinon
434 869 612 950 praestaret
627 863 731 929 dicere
746 886 840 948 saepe
856 865 978 930 solens:

197 967 246 1016 185
263 952 483 1017 ‘Perdidimus
497 950 558 1014 hac
572 950 643 1014 luce
659 950 759 1013 diem’
777 951 804 1013 si
818 950 909 1014 nulla
924 949 1062 1015 dedisset

302 1036 380 1100 Non
395 1038 544 1102 exoratus
558 1035 714 1118 praestita
728 1034 937 1118 supplicibus,
964 1093 976 1116 ,

260 1122 354 1185 Alter
369 1120 414 1184 ait
428 1121 578 1203 princeps
593 1119 720 1183 modico
737 1140 882 1183 sermone
896 1122 995 1202 poeta

303 1203 497 1269 Commodus
512 1205 678 1288 Augustus
696 1203 745 1267 uir
759 1204 879 1287 pietate
894 1203 1013 1268 bonus:

261 1289 398 1356 ‘Nobile
413 1292 618 1373 praeceptum
633 1291 773 1352 rectores
790 1287 902 1352 discite
916 1291 991 1372 post
1005 1310 1073 1352 me:

200 1388 249 1438 190
281 1377 286 1389 '
307 1373 356 1440 Sit
371 1375 475 1442 bonus
490 1373 526 1436 in
540 1373 609 1436 uita
623 1373 679 1456 qui
693 1372 783 1436 uolet
797 1390 866 1435 esse
881 1373 958 1437 deus
967 1378 987 1436 '.

260 1460 344 1526 Ecce
360 1459 437 1543 quid
452 1457 610 1541 impendit
623 1457 749 1520 homini
764 1456 935 1520 clementia
949 1456 1094 1541 simplex,

304 1543 351 1607 Ut
365 1547 507 1625 praestet
520 1542 607 1606 bona
622 1540 702 1606 dans
717 1541 863 1606 conferat
878 1545 974 1624 atque
990 1542 1128 1607 animae.

260 1627 311 1692 Ne
326 1627 425 1690 facias
440 1626 597 1710 populum
611 1625 813 1710 mendacem,
831 1626 888 1708 qni
902 1626 963 1690 tibi
978 1627 1096 1690 clamat

303 1710 446 1774 Uocibus
461 1711 639 1774 innumeris
655 1719 728 1774 ‘rex
743 1711 955 1794 dominusque
970 1711 1077 1808 pius':

86 1797 92 1812 “
200 1809 248 1858 195
264 1794 311 1860 Ut
324 1816 388 1859 uox
402 1815 480 1858 uera
495 1797 589 1858 sonat
604 1795 788 1880 ‘dominus’,
804 1795 850 1858 sic
865 1816 943 1858 uera
958 1801 1053 1878 ‘prus‘
1070 1795 1123 1863 sir.

294 1879 398 1944 Orbis
413 1881 448 1943 in
464 1900 518 1944 ore
533 1878 624 1944 uolat
637 1880 768 1964 puplica
782 1901 871 1942 merx
885 1900 1067 1962 procerum.

260 1963 361 2030 Fama
376 1963 492 2028 ducum
506 1985 574 2028 non
589 1968 637 2028 est
652 1964 744 2028 bellis
760 1963 895 2028 collecte
910 1965 1051 2029 eruentis

303 2049 354 2113 Ex
369 2050 486 2132 quibus
502 2049 640 2113 occurrit
657 2071 751 2132 saepe
765 2054 872 2112 reatus
887 2052 981 2112 atrox

262 2132 375 2200 Gloria
388 2134 556 2217 bellorum,
573 2133 707 2198 ducibus
720 2133 913 2217 populisque
927 2133 1112 2217 triumphos

198 2231 249 2280 200
305 2219 345 2283 ln
360 2241 529 2284 commune
545 2219 635 2283 datos
651 2218 767 2282 diuidit
781 2218 994 2301 armipotens:

261 2302 294 2370 N
295 2327 346 2368 arn
362 2304 495 2386 ducibus
510 2303 587 2367 solis
602 2307 743 2387 praestat
757 2302 928 2367 clementia
942 2301 1077 2383 laudem,

304 2389 336 2453 N
339 2412 381 2453 on
396 2389 494 2454 habet
508 2388 588 2452 haec
603 2389 752 2452 comitem
767 2387 1020 2471 participemque
1034 2408 1075 2450 ne
1122 2391 1144 2452 t.

262 2471 351 2536 Dicit
366 2473 411 2534 ‘in
427 2493 516 2535 arma
529 2492 621 2553 pares
636 2470 757 2536 fuimus
773 2493 845 2534 cum
859 2471 1018 2555 prinoipe’
1033 2471 1077 2535 m'
1094 2492 1138 2536 es.

306 2555 377 2619 ‘Me
392 2560 557 2640 pugnante
574 2577 694 2640 comes,
710 2557 815 2620 uictor
830 2556 869 2620 ab
885 2556 978 2620 hoste
992 2554 1102 2621 redis’.

199 2651 248 2700 205
263 2637 295 2704 N
296 2639 419 2722 unquid
433 2643 469 2702 ut
483 2640 631 2723 ignoscat
644 2645 750 2705 rector
764 2661 838 2723 pars
853 2640 965 2705 militis
981 2641 1107 2705 intrat?

305 2721 373 2788 Soli
389 2724 444 2807 qni
459 2725 470 2787 i
495 2725 600 2790 noscit
636 2725 719 2790 loria
733 2724 835 2789 laudis
852 2725 921 2788 erit.

264 2805 326 2882 Qui
341 2807 433 2891 fodit,
449 2745 600 2874 aduersus
614 2745 724 2875 {ostes
740 2809 915 2874 certamina
930 2808 1042 2874 Martis

265 3097 313 3147 181
332 3096 428 3147 Christi
449 3114 538 3149 nomen
556 3102 593 3150 sic
614 3099 735 3150 scribitur
758 3107 786 3149 ut
803 3117 827 3152 u.
848 3102 896 3150 123
978 3099 1026 3150 185
1049 3098 1083 3163 of.
1106 3099 1175 3150 Sue·

198 3175 240 3218 ton
261 3165 314 3217 Tit.
333 3166 350 3214 8
420 3167 468 3216 187
485 3171 612 3230 permirus
630 3169 728 3233 quidem
747 3169 794 3217 iste
813 3167 918 3218 modico
938 3180 1063 3216 sermone
1082 3171 1176 3232 poet-a

196 3239 280 3284 tamen
307 3233 377 3283 laced
402 3235 455 3282 solo
483 3250 539 3283 nuru
570 3251 623 3284 eum
651 3237 764 3284 Areualo
791 3242 817 3284 et
847 3236 1009 3299 interpolatis
1035 3237 1079 3284 uel
1108 3251 1177 3301 pro·

196 3301 279 3351 batus
305 3308 348 3350 aio
374 3301 499 3365 profatur
525 3306 566 3351 uel
590 3305 670 3351 simile
689 3301 848 3351 scribendum
864 3304 899 3352 ait
967 3301 1016 3351 195
1035 3307 1122 3352 sonet

198 3367 248 3415 19⁵1
266 3383 324 3417 mos
346 3369 496 3432 interpolati
513 3382 593 3416 mors.
617 3369 746 3417 Armatus
765 3384 841 3417 merx
859 3384 929 3418 corr.
949 3369 1046 3422 Buert.
1123 3371 1179 3422 205

197 3431 286 3480 instat
310 3437 417 3498 scripsit
438 3436 566 3484 Arenaria
587 3449 641 3482 oum
669 3435 832 3497 interpolatis
853 3436 941 3485 intrat
963 3438 1029 3486 idem
1051 3439 1180 3495 coniecit,

197 3497 226 3544 id
243 3501 311 3561 quod
327 3503 419 3564 legitur
435 3504 461 3551 in
481 3502 606 3552 Uaticano
623 3501 711 3549 codice
784 3503 834 3551 207
852 3501 930 3552 fouet
948 3503 1079 3554 Armatus

737 3787 897 3858 A
