2468 3888
406 201 578 257 SERENVS.
604 201 746 258 AVITVS.
1014 201 1055 264 51

85 365 195 447 Atque
223 364 308 429 idem
334 366 567 429 restituendum
589 366 717 448 ubique.
739 404 782 413 —
803 365 951 432 Videnda
974 391 1056 453 quae

84 471 191 532 nuper
213 449 444 533 disputavimus
465 473 507 515 m.
530 449 592 515 Rh.
614 449 718 534 XXV,
741 452 771 515 2.
1038 521 1043 535 ⁸

151 533 280 598 Fictum
302 557 369 600 esse
391 535 478 600 hunc
500 557 628 600 versum
650 559 670 600 a
691 537 900 621 grammatico
922 543 1056 622 propter

83 620 190 768 iit?
204 619 1056 772 331ῗοίᾞῖἔῇᾏῗὲἕῖὲὲοὲἓᾶἓθῗίἳὲἓίοῗὲζξέ

81 727 244 853 ilnnianil
273 828 311 837 —
339 788 480 854 Metrum
509 795 616 855 autem
642 756 741 873 idem’,
771 791 857 874 quod
890 793 988 858 habes
1020 794 1055 856 in

80 874 239 958 Aeschyli
260 873 453 939 Prometheo
476 876 586 941 vincto
608 899 660 940 vv.
685 876 754 941 128.
781 877 841 940 144

130 958 237 1042 μηδὲν
258 961 430 1045 φοβηθῇς·
456 962 553 1043 φιλία
574 958 638 1045 γὰρ
661 958 723 1025 alde
744 959 847 1038 τάξις.

129 1041 298 1127 λεύσσειν,
315 1049 519 1129 Προμηθεῦ·
544 1042 675 1128 φοβεροὶ
690 1043 720 1108 d’
747 1045 881 1129 ἐμοῖσιν
903 1044 1027 1122 ὄσσοις.

80 1127 186 1192 Aliud
214 1129 356 1193 eiusdem
383 1131 509 1194 numeri
539 1131 721 1214 exemplum
754 1131 846 1196 effert
879 1132 919 1195 ed
947 1131 1054 1196 locum

80 1213 231 1311 priorem
253 1214 436 1312 scholiasta·
454 1237 493 1312 ex
525 1213 695 1297 Sophoclis
727 1214 822 1299 Tyro.
856 1255 898 1263 —
929 1216 1054 1281 Eodem

79 1301 303 1448 {liuldbiliilid
325 1297 789 1468 dldllddlilulllalldwilnsxtalilss
813 1388 900 1450 caret
920 1408 1054 1470 praepo-

171 1469 288 1533 sitione
317 1469 400 1535 sicut
427 1491 576 1555 peregre,
605 1470 750 1553 quemvis
773 1469 912 1535 Serenus
933 1471 1051 1555 lyricus

171 1555 215 1618 cd
246 1556 350 1619 inetur
384 1555 507 1618 dixerit.
551 1554 731 1638 Exscripsit
765 1554 845 1619 heec
882 1555 1054 1621 scholiasta

171 1636 264 1702 Statii
286 1639 534 1724 Bambergensis
561 1639 602 1704 ad
623 1638 723 1705 Theb.
745 1640 772 1724 1,
793 1640 867 1704 419.
895 1679 937 1687 -
964 1639 1053 1707 Serv.

171 1721 211 1787 ad
237 1722 316 1808 XII,
346 1724 408 1788 923
440 1725 542 1790 instar
573 1728 610 1790 ut
643 1747 740 1809 supra
767 1724 905 1791 diximus
933 1747 992 1811 per
1019 1749 1059 1810 se

192 1809 302 1873 lenum
338 1812 386 1874 est
420 1832 480 1874 nec
516 1811 631 1894 recipit
658 1809 945 1895 praepositionem,
978 1811 1054 1876 licet

168 1831 308 1957 derenus
330 1896 375 1959 ad
394 1896 499 1960 instar
521 1895 650 1978 dixerit,
674 1895 761 1978 quod
782 1897 818 1960 in
838 1895 963 1961 idoneis
984 1919 1053 1961 non

169 1979 334 2043 invenitur
356 1979 549 2043 auctoribus.

78 2062 135 2127 32.
170 2060 300 2127 Servius
322 2063 363 2127 ed
384 2085 455 2129 aen.
478 2063 535 2147 Vl,
557 2063 636 2128 289:
666 2061 804 2127 Serenus
825 2067 935 2127 temen
956 2069 1053 2148 poeta

171 2145 249 2212 dicit
277 2147 447 2233 Gorgonas
480 2147 603 2232 puellas
641 2147 737 2213 fuisse
767 2156 908 2212 summae
938 2147 1051 2234 (vulgo

170 2231 305 2318 ‘unius’)
325 2232 585 2317 pulchritudinis,
605 2255 683 2317 quas
705 2254 778 2296 cum
800 2231 955 2297 vidissent
976 2233 1051 2297 edu-

169 2317 325 2381 lescentes
347 2322 478 2402 stupore
498 2319 680 2402 torpebant.
703 2317 787 2382 unde
809 2318 855 2381 fin
882 2317 944 2382 'tur
966 2319 1052 2401 quod

170 2401 270 2485 siquis
293 2423 346 2466 ees
368 2402 499 2468 vidisset
520 2403 705 2467 vertebatur
725 2403 761 2465 in
782 2337 930 2486 lepidelm.

77 2486 134 2552 33.
170 2484 299 2551 Servius
312 2487 352 2552 ed
366 2487 634 2571 aen.VlHI,762:
645 2487 762 2636 poples
777 2508 820 2570 po
835 2491 982 2572 coneptu
993 2490 1052 2571 est,

170 2571 253 2636 sieut
268 2571 304 2636 in
321 2571 441 2638 Sereno
460 2573 588 2658 legitur,
610 2595 644 2637 se
679 2571 867 2656 producitur
879 2573 1051 2656 positione.

304 2812 366 2887 VI.
410 2811 617 2886 ALPHIVS
643 2812 830 2886 AVITVS.

146 2977 196 3043 De
226 2978 348 3062 Alphio
376 2980 475 3045 Avito
503 2982 578 3064 post
604 2977 863 3044 Wernsdorfium
890 2980 991 3063 preef.
1015 2981 1067 3052 in,

76 3068 168 3148 poet.
192 3064 247 3128 lat.
269 3064 347 3127 min.
377 3086 409 3148 p.
430 3063 481 3128 HI
506 3083 560 3149 pg.
582 3064 622 3128 31
653 3064 734 3129 dixit
760 3063 987 3129 Lachmannus
1014 3067 1051 3129 in

76 3147 284 3234 praefatione
311 3148 383 3213 Ter.
413 3147 515 3213 Maur.
544 3168 599 3233 pg.
626 3147 707 3234 XH3
738 3170 806 3214 non
837 3154 946 3214 tamen
973 3151 1050 3214 satis

74 3234 187 3320 plene.
233 3232 283 3298 De
306 3232 418 3298 eodem
440 3234 564 3319 egimus
585 3234 607 3298 l.
629 3255 661 3298 n.
684 3254 739 3319 pg.
765 3234 826 3298 102
849 3256 895 3318 sq.

342 3385 454 3452 Libri
476 3385 783 3452 Excellentium.

146 3505 218 3570 Ter.
243 3505 346 3572 Mam.
369 3528 421 3570 vv.
446 3505 530 3572 2446
553 3528 622 3591 sqq.
645 3505 684 3570 de
706 3504 842 3570 dimetro
864 3504 1016 3570 iambico:

809 3625 846 3678 4*
