<?xml version="1.0" encoding="UTF-8"?>
<!DOCTYPE html PUBLIC "-//W3C//DTD XHTML 1.0 Transitional//EN"
    "http://www.w3.org/TR/xhtml1/DTD/xhtml1-transitional.dtd">
<html xmlns="http://www.w3.org/1999/xhtml" xml:lang="en" lang="en">
 <head>
  <title>
</title>
<meta http-equiv="Content-Type" content="text/html;charset=utf-8" />
  <meta name='ocr-system' content='tesseract 3.04.00' />
  <meta name='ocr-capabilities' content='ocr_page ocr_carea ocr_par ocr_line ocrx_word'/>
</head>
<body>
  <div class='ocr_page' id='page_1' title='image "./dracontiicarmin01dracgoog_0099.png"; bbox 0 0 2474 3886; ppageno 0'>
   <div class='ocr_carea' id='block_1_1' title="bbox 436 221 674 274">
    <p class='ocr_par' dir='ltr' id='par_1_1' title="bbox 436 221 674 274">
     <span class='ocr_line' id='line_1_1' title="bbox 436 221 674 274; baseline 0 0"><span class='ocrx_word' id='word_1_1' title='bbox 436 221 674 274; x_wconf 80' lang='lat' dir='ltr'>SATISFACTIO</span> 
     </span>
    </p>
   </div>
   <div class='ocr_carea' id='block_1_2' title="bbox 88 372 939 638">
    <p class='ocr_par' dir='ltr' id='par_1_2' title="bbox 88 372 939 638">
     <span class='ocr_line' id='line_1_2' title="bbox 143 372 867 458; baseline 0 -20"><span class='ocrx_word' id='word_1_2' title='bbox 143 374 305 439; x_wconf 83' lang='lat' dir='ltr'><strong>Irascente</strong></span> <span class='ocrx_word' id='word_1_3' title='bbox 321 372 380 436; x_wconf 88' lang='lat' dir='ltr'><strong>deo</strong></span> <span class='ocrx_word' id='word_1_4' title='bbox 395 377 519 436; x_wconf 68' lang='lat' dir='ltr'><strong>mentm</strong></span> <span class='ocrx_word' id='word_1_5' title='bbox 534 375 701 437; x_wconf 84' lang='lat' dir='ltr'><strong>mutantur</strong></span> <span class='ocrx_word' id='word_1_6' title='bbox 716 377 748 436; x_wconf 90' lang='lat' dir='ltr'><strong>et</strong></span> <span class='ocrx_word' id='word_1_7' title='bbox 763 377 867 458; x_wconf 88' lang='lat' dir='ltr'><strong>artus,</strong></span> 
     </span>
     <span class='ocr_line' id='line_1_3' title="bbox 88 456 846 539; baseline 0.003 -19"><span class='ocrx_word' id='word_1_8' title='bbox 88 471 127 520; x_wconf 81' lang='lat'><strong>30</strong></span> <span class='ocrx_word' id='word_1_9' title='bbox 185 457 367 522; x_wconf 88' lang='lat' dir='ltr'><strong>Uertuntur</strong></span> <span class='ocrx_word' id='word_1_10' title='bbox 381 477 493 520; x_wconf 86' lang='lat' dir='ltr'><strong>seusus</strong></span> <span class='ocrx_word' id='word_1_11' title='bbox 508 456 647 520; x_wconf 86' lang='lat' dir='ltr'><strong>uertitur</strong></span> <span class='ocrx_word' id='word_1_12' title='bbox 662 460 695 520; x_wconf 84' lang='lat' dir='ltr'><strong>et</strong></span> <span class='ocrx_word' id='word_1_13' title='bbox 708 457 846 539; x_wconf 87' lang='lat' dir='ltr'><strong>species:</strong></span> 
     </span>
     <span class='ocr_line' id='line_1_4' title="bbox 143 539 939 638; baseline 0.001 -31"><span class='ocrx_word' id='word_1_14' title='bbox 143 543 312 608; x_wconf 79' lang='lat' dir='ltr'><strong>Persarum</strong></span> <span class='ocrx_word' id='word_1_15' title='bbox 328 562 438 638; x_wconf 78' lang='lat' dir='ltr'><strong>regem</strong></span> <span class='ocrx_word' id='word_1_16' title='bbox 454 539 640 624; x_wconf 83' lang='lat' dir='ltr'><strong>Babylonos</strong></span> <span class='ocrx_word' id='word_1_17' title='bbox 657 561 759 626; x_wconf 83' lang='lat' dir='ltr'><strong>regna</strong></span> <span class='ocrx_word' id='word_1_18' title='bbox 774 544 939 608; x_wconf 88' lang='lat' dir='ltr'><strong>tenentem</strong></span> 
     </span>
    </p>
   </div>
   <div class='ocr_carea' id='block_1_3' title="bbox 89 625 1052 2989">
    <p class='ocr_par' dir='ltr' id='par_1_3' title="bbox 89 625 1052 2989">
     <span class='ocr_line' id='line_1_5' title="bbox 187 625 957 709; baseline -0.004 -16"><span class='ocrx_word' id='word_1_19' title='bbox 187 627 267 694; x_wconf 85' lang='lat' dir='ltr'><strong>Post</strong></span> <span class='ocrx_word' id='word_1_20' title='bbox 280 625 375 689; x_wconf 87' lang='lat' dir='ltr'><strong>decus</strong></span> <span class='ocrx_word' id='word_1_21' title='bbox 390 625 519 708; x_wconf 89' lang='lat' dir='ltr'><strong>1mperii</strong></span> <span class='ocrx_word' id='word_1_22' title='bbox 534 626 605 707; x_wconf 86' lang='lat' dir='ltr'><strong>quis</strong></span> <span class='ocrx_word' id='word_1_23' title='bbox 621 630 719 709; x_wconf 82' lang='lat' dir='ltr'><strong>neget</strong></span> <span class='ocrx_word' id='word_1_24' title='bbox 734 647 802 689; x_wconf 86' lang='lat' dir='ltr'><strong>esse</strong></span> <span class='ocrx_word' id='word_1_25' title='bbox 817 627 957 692; x_wconf 76' lang='lat' dir='ltr'><strong>bouem?</strong></span> 
     </span>
     <span class='ocr_line' id='line_1_6' title="bbox 143 709 984 795; baseline -0.002 -18"><span class='ocrx_word' id='word_1_26' title='bbox 143 711 189 777; x_wconf 81' lang='lat' dir='ltr'><strong>Et</strong></span> <span class='ocrx_word' id='word_1_27' title='bbox 203 710 413 774; x_wconf 79' lang='lat' dir='ltr'>diademalem</span> <span class='ocrx_word' id='word_1_28' title='bbox 427 712 599 792; x_wconf 72' lang='lat' dir='ltr'><strong>turparunt</strong></span> <span class='ocrx_word' id='word_1_29' title='bbox 613 730 734 774; x_wconf 89' lang='lat' dir='ltr'><strong>cornua</strong></span> <span class='ocrx_word' id='word_1_30' title='bbox 747 709 903 795; x_wconf 86' lang='lat' dir='ltr'><strong>frontem,</strong></span> <span class='ocrx_word' id='word_1_31' title='bbox 981 758 984 766; x_wconf 77' lang='lat'><em>·</em></span> 
     </span>
     <span class='ocr_line' id='line_1_7' title="bbox 187 793 799 879; baseline 0 -21"><span class='ocrx_word' id='word_1_32' title='bbox 187 793 332 879; x_wconf 85' lang='lat' dir='ltr'><strong>Mugitus</strong></span> <span class='ocrx_word' id='word_1_33' title='bbox 346 793 477 878; x_wconf 87' lang='lat' dir='ltr'><strong>pecudis</strong></span> <span class='ocrx_word' id='word_1_34' title='bbox 492 794 591 857; x_wconf 85' lang='lat' dir='ltr'><strong>uerba</strong></span> <span class='ocrx_word' id='word_1_35' title='bbox 604 794 694 858; x_wconf 84' lang='lat' dir='ltr'><strong>fuere</strong></span> <span class='ocrx_word' id='word_1_36' title='bbox 710 793 799 858; x_wconf 87' lang='lat' dir='ltr'><strong>duci:</strong></span> 
     </span>
     <span class='ocr_line' id='line_1_8' title="bbox 90 877 1013 964; baseline 0.003 -22"><span class='ocrx_word' id='word_1_37' title='bbox 90 893 128 943; x_wconf 77' lang='lat'><strong>35</strong></span> <span class='ocrx_word' id='word_1_38' title='bbox 143 879 331 964; x_wconf 83' lang='lat' dir='ltr'><strong>Agricolam</strong></span> <span class='ocrx_word' id='word_1_39' title='bbox 345 879 454 946; x_wconf 85' lang='lat' dir='ltr'><strong>timuit</strong></span> <span class='ocrx_word' id='word_1_40' title='bbox 468 881 543 961; x_wconf 90' lang='lat' dir='ltr'><strong>post</strong></span> <span class='ocrx_word' id='word_1_41' title='bbox 557 877 709 943; x_wconf 84' lang='lat' dir='ltr'><strong>Parthica</strong></span> <span class='ocrx_word' id='word_1_42' title='bbox 723 900 823 964; x_wconf 88' lang='lat' dir='ltr'><strong>regna</strong></span> <span class='ocrx_word' id='word_1_43' title='bbox 837 879 1013 944; x_wconf 90' lang='lat' dir='ltr'><strong>bubulcum</strong></span> 
     </span>
     <span class='ocr_line' id='line_1_9' title="bbox 188 961 860 1049; baseline 0 -21"><span class='ocrx_word' id='word_1_44' title='bbox 188 961 418 1046; x_wconf 82' lang='lat' dir='ltr'><strong>Summisitque</strong></span> <span class='ocrx_word' id='word_1_45' title='bbox 433 984 555 1046; x_wconf 77' lang='lat' dir='ltr'><strong>pauens</strong></span> <span class='ocrx_word' id='word_1_46' title='bbox 570 963 660 1048; x_wconf 83' lang='lat' dir='ltr'><strong>regia</strong></span> <span class='ocrx_word' id='word_1_47' title='bbox 675 963 759 1028; x_wconf 88' lang='lat' dir='ltr'><strong>colla</strong></span> <span class='ocrx_word' id='word_1_48' title='bbox 772 965 860 1049; x_wconf 83' lang='lat' dir='ltr'><strong>iugo,</strong></span> 
     </span>
     <span class='ocr_line' id='line_1_10' title="bbox 143 1048 967 1133; baseline 0.002 -21"><span class='ocrx_word' id='word_1_49' title='bbox 143 1049 275 1112; x_wconf 82' lang='lat' dir='ltr'><strong>Errauit</strong></span> <span class='ocrx_word' id='word_1_50' title='bbox 289 1069 347 1130; x_wconf 89' lang='lat' dir='ltr'><strong>per</strong></span> <span class='ocrx_word' id='word_1_51' title='bbox 361 1051 454 1130; x_wconf 85' lang='lat' dir='ltr'><strong>prata</strong></span> <span class='ocrx_word' id='word_1_52' title='bbox 469 1067 571 1131; x_wconf 84' lang='lat' dir='ltr'><strong>uagus</strong></span> <span class='ocrx_word' id='word_1_53' title='bbox 587 1048 671 1112; x_wconf 89' lang='lat' dir='ltr'><strong>mala</strong></span> <span class='ocrx_word' id='word_1_54' title='bbox 685 1049 833 1132; x_wconf 77' lang='lat' dir='ltr'><strong>gramina</strong></span> <span class='ocrx_word' id='word_1_55' title='bbox 846 1053 967 1133; x_wconf 83' lang='lat' dir='ltr'><strong>pastus,</strong></span> 
     </span>
     <span class='ocr_line' id='line_1_11' title="bbox 186 1131 1045 1215; baseline 0.002 -19"><span class='ocrx_word' id='word_1_56' title='bbox 186 1132 231 1196; x_wconf 82' lang='lat' dir='ltr'><strong>Et</strong></span> <span class='ocrx_word' id='word_1_57' title='bbox 246 1133 302 1215; x_wconf 91' lang='lat' dir='ltr'><strong>qui</strong></span> <span class='ocrx_word' id='word_1_58' title='bbox 312 1132 412 1195; x_wconf 90' lang='lat' dir='ltr'><strong>homo</strong></span> <span class='ocrx_word' id='word_1_59' title='bbox 422 1132 480 1196; x_wconf 90' lang='lat' dir='ltr'><strong>bos</strong></span> <span class='ocrx_word' id='word_1_60' title='bbox 491 1131 598 1196; x_wconf 89' lang='lat' dir='ltr'><strong>fuerat</strong></span> <span class='ocrx_word' id='word_1_61' title='bbox 609 1131 648 1196; x_wconf 89' lang='lat' dir='ltr'><strong>de</strong></span> <span class='ocrx_word' id='word_1_62' title='bbox 662 1133 745 1196; x_wconf 90' lang='lat' dir='ltr'><strong>boue</strong></span> <span class='ocrx_word' id='word_1_63' title='bbox 757 1133 862 1198; x_wconf 85' lang='lat' dir='ltr'><strong>faetus</strong></span> <span class='ocrx_word' id='word_1_64' title='bbox 876 1133 975 1198; x_wconf 91' lang='lat' dir='ltr'><strong>homo</strong></span> <span class='ocrx_word' id='word_1_65' title='bbox 988 1137 1045 1199; x_wconf 83' lang='lat' dir='ltr'><strong>est.</strong></span> 
     </span>
     <span class='ocr_line' id='line_1_12' title="bbox 144 1216 919 1300; baseline 0.001 -19"><span class='ocrx_word' id='word_1_66' title='bbox 144 1216 256 1300; x_wconf 85' lang='lat' dir='ltr'><strong>Liquit</strong></span> <span class='ocrx_word' id='word_1_67' title='bbox 270 1220 303 1280; x_wconf 88' lang='lat' dir='ltr'><strong>et</strong></span> <span class='ocrx_word' id='word_1_68' title='bbox 317 1216 451 1280; x_wconf 86' lang='lat' dir='ltr'><strong>antistes</strong></span> <span class='ocrx_word' id='word_1_69' title='bbox 466 1217 574 1280; x_wconf 87' lang='lat' dir='ltr'><strong>senior</strong></span> <span class='ocrx_word' id='word_1_70' title='bbox 588 1220 680 1299; x_wconf 84' lang='lat' dir='ltr'><strong>pater</strong></span> <span class='ocrx_word' id='word_1_71' title='bbox 693 1217 748 1280; x_wconf 87' lang='lat' dir='ltr'><strong>ille</strong></span> <span class='ocrx_word' id='word_1_72' title='bbox 762 1217 919 1282; x_wconf 87' lang='lat' dir='ltr'><strong>Iohannis</strong></span> 
     </span>
     <span class='ocr_line' id='line_1_13' title="bbox 89 1299 835 1385; baseline 0.004 -23"><span class='ocrx_word' id='word_1_73' title='bbox 89 1316 129 1364; x_wconf 83' lang='lat'><strong>40</strong></span> <span class='ocrx_word' id='word_1_74' title='bbox 186 1301 400 1385; x_wconf 83' lang='lat' dir='ltr'><strong>Elinguisque</strong></span> <span class='ocrx_word' id='word_1_75' title='bbox 414 1299 479 1364; x_wconf 89' lang='lat' dir='ltr'><strong>fuit</strong></span> <span class='ocrx_word' id='word_1_76' title='bbox 492 1321 572 1365; x_wconf 88' lang='lat' dir='ltr'><strong>uoce</strong></span> <span class='ocrx_word' id='word_1_77' title='bbox 587 1303 713 1364; x_wconf 83' lang='lat' dir='ltr'><strong>tacente</strong></span> <span class='ocrx_word' id='word_1_78' title='bbox 729 1301 835 1365; x_wconf 88' lang='lat' dir='ltr'><strong>silens.</strong></span> 
     </span>
     <span class='ocr_line' id='line_1_14' title="bbox 144 1383 892 1470; baseline 0.001 -21"><span class='ocrx_word' id='word_1_79' title='bbox 144 1387 207 1450; x_wconf 85' lang='lat' dir='ltr'><strong>Ast</strong></span> <span class='ocrx_word' id='word_1_80' title='bbox 222 1406 282 1470; x_wconf 85' lang='lat' dir='ltr'><strong>ego</strong></span> <span class='ocrx_word' id='word_1_81' title='bbox 298 1383 458 1468; x_wconf 82' lang='lat' dir='ltr'><strong>peccando</strong></span> <span class='ocrx_word' id='word_1_82' title='bbox 474 1406 508 1448; x_wconf 89' lang='lat' dir='ltr'><strong>re</strong></span> <span class='ocrx_word' id='word_1_83' title='bbox 533 1385 544 1448; x_wconf 92' lang='lat' dir='ltr'><strong>i</strong></span> <span class='ocrx_word' id='word_1_84' title='bbox 559 1383 757 1468; x_wconf 85' lang='lat' dir='ltr'><strong>dominoque</strong></span> <span class='ocrx_word' id='word_1_85' title='bbox 769 1385 892 1468; x_wconf 87' lang='lat' dir='ltr'><strong>deoque</strong></span> 
     </span>
     <span class='ocr_line' id='line_1_15' title="bbox 187 1405 807 1552; baseline -0.003 -18"><span class='ocrx_word' id='word_1_86' title='bbox 187 1470 284 1534; x_wconf 89' lang='lat' dir='ltr'><strong>Peior</strong></span> <span class='ocrx_word' id='word_1_87' title='bbox 298 1492 369 1534; x_wconf 87' lang='lat' dir='ltr'><strong>sum</strong></span> <span class='ocrx_word' id='word_1_88' title='bbox 383 1469 487 1533; x_wconf 85' lang='lat' dir='ltr'><strong>factus</strong></span> <span class='ocrx_word' id='word_1_89' title='bbox 501 1405 704 1552; x_wconf 66' lang='lat' dir='ltr'><strong>‹ieteriorque</strong></span> <span class='ocrx_word' id='word_1_90' title='bbox 719 1491 807 1534; x_wconf 87' lang='lat' dir='ltr'><strong>eane.</strong></span> 
     </span>
     <span class='ocr_line' id='line_1_16' title="bbox 146 1553 873 1638; baseline -0.001 -19"><span class='ocrx_word' id='word_1_91' title='bbox 146 1553 292 1619; x_wconf 88' lang='lat' dir='ltr'><strong>Uulnera</strong></span> <span class='ocrx_word' id='word_1_92' title='bbox 306 1555 414 1618; x_wconf 86' lang='lat' dir='ltr'><strong>uexati</strong></span> <span class='ocrx_word' id='word_1_93' title='bbox 429 1557 520 1618; x_wconf 82' lang='lat' dir='ltr'><strong>curat</strong></span> <span class='ocrx_word' id='word_1_94' title='bbox 534 1575 592 1617; x_wconf 91' lang='lat' dir='ltr'><strong>sua</strong></span> <span class='ocrx_word' id='word_1_95' title='bbox 606 1553 719 1638; x_wconf 82' lang='lat' dir='ltr'><strong>lingua.</strong></span> <span class='ocrx_word' id='word_1_96' title='bbox 732 1554 873 1636; x_wconf 80' lang='lat' dir='ltr'>molossi,</span> 
     </span>
     <span class='ocr_line' id='line_1_17' title="bbox 187 1637 963 1723; baseline 0 -20"><span class='ocrx_word' id='word_1_97' title='bbox 187 1638 261 1703; x_wconf 87' lang='lat' dir='ltr'><strong>Heu</strong></span> <span class='ocrx_word' id='word_1_98' title='bbox 275 1660 346 1702; x_wconf 86' lang='lat' dir='ltr'><strong>mea</strong></span> <span class='ocrx_word' id='word_1_99' title='bbox 361 1639 480 1722; x_wconf 81' lang='lat' dir='ltr'><strong>quippe</strong></span> <span class='ocrx_word' id='word_1_100' title='bbox 495 1638 576 1702; x_wconf 88' lang='lat' dir='ltr'><strong>mihi</strong></span> <span class='ocrx_word' id='word_1_101' title='bbox 590 1637 726 1702; x_wconf 89' lang='lat' dir='ltr'><strong>uulnera</strong></span> <span class='ocrx_word' id='word_1_102' title='bbox 740 1639 852 1723; x_wconf 81' lang='lat' dir='ltr'><strong>lingua</strong></span> <span class='ocrx_word' id='word_1_103' title='bbox 866 1637 963 1703; x_wconf 88' lang='lat' dir='ltr'><strong>dedit.</strong></span> 
     </span>
     <span class='ocr_line' id='line_1_18' title="bbox 91 1723 970 1807; baseline 0.005 -23"><span class='ocrx_word' id='word_1_104' title='bbox 91 1737 128 1785; x_wconf 82' lang='lat'><strong>45</strong></span> <span class='ocrx_word' id='word_1_105' title='bbox 145 1723 208 1789; x_wconf 82' lang='lat' dir='ltr'><strong>sed</strong></span> <span class='ocrx_word' id='word_1_106' title='bbox 223 1723 278 1807; x_wconf 94' lang='lat' dir='ltr'><strong>qui</strong></span> <span class='ocrx_word' id='word_1_107' title='bbox 292 1724 434 1787; x_wconf 89' lang='lat' dir='ltr'><strong>restituit</strong></span> <span class='ocrx_word' id='word_1_108' title='bbox 447 1723 578 1806; x_wconf 86' lang='lat' dir='ltr'><strong>pecudis</strong></span> <span class='ocrx_word' id='word_1_109' title='bbox 592 1725 667 1806; x_wconf 88' lang='lat' dir='ltr'><strong>post</strong></span> <span class='ocrx_word' id='word_1_110' title='bbox 680 1723 824 1787; x_wconf 87' lang='lat' dir='ltr'><strong>membra</strong></span> <span class='ocrx_word' id='word_1_111' title='bbox 838 1723 970 1806; x_wconf 85' lang='lat' dir='ltr'><strong>tyranni</strong></span> 
     </span>
     <span class='ocr_line' id='line_1_19' title="bbox 188 1807 843 1893; baseline 0 -21"><span class='ocrx_word' id='word_1_112' title='bbox 188 1807 235 1872; x_wconf 89' lang='lat' dir='ltr'><strong>Ut</strong></span> <span class='ocrx_word' id='word_1_113' title='bbox 248 1809 340 1871; x_wconf 88' lang='lat' dir='ltr'><strong>fieret</strong></span> <span class='ocrx_word' id='word_1_114' title='bbox 353 1807 480 1872; x_wconf 88' lang='lat' dir='ltr'><strong>rediens</strong></span> <span class='ocrx_word' id='word_1_115' title='bbox 495 1807 618 1893; x_wconf 83' lang='lat' dir='ltr'><strong>ungula</strong></span> <span class='ocrx_word' id='word_1_116' title='bbox 631 1808 707 1880; x_wconf 79' lang='lat' dir='ltr'><strong>fissa</strong></span> <span class='ocrx_word' id='word_1_117' title='bbox 719 1829 843 1892; x_wconf 83' lang='lat' dir='ltr'><strong>manus,</strong></span> 
     </span>
     <span class='ocr_line' id='line_1_20' title="bbox 146 1891 984 1977; baseline 0.001 -21"><span class='ocrx_word' id='word_1_118' title='bbox 146 1891 271 1976; x_wconf 78' lang='lat' dir='ltr'><strong>Quique</strong></span> <span class='ocrx_word' id='word_1_119' title='bbox 285 1891 477 1956; x_wconf 86' lang='lat' dir='ltr'><strong>reformauit</strong></span> <span class='ocrx_word' id='word_1_120' title='bbox 490 1893 606 1955; x_wconf 84' lang='lat' dir='ltr'><strong>tacitae</strong></span> <span class='ocrx_word' id='word_1_121' title='bbox 621 1892 840 1956; x_wconf 88' lang='lat' dir='ltr'><strong>modulamina</strong></span> <span class='ocrx_word' id='word_1_122' title='bbox 854 1893 984 1977; x_wconf 82' lang='lat' dir='ltr'><strong>linguae</strong></span> 
     </span>
     <span class='ocr_line' id='line_1_21' title="bbox 187 1975 863 2060; baseline -0.001 -19"><span class='ocrx_word' id='word_1_123' title='bbox 187 1975 238 2041; x_wconf 88' lang='lat' dir='ltr'><strong>Ne</strong></span> <span class='ocrx_word' id='word_1_124' title='bbox 254 1976 423 2040; x_wconf 82' lang='lat' dir='ltr'><strong>mutilante</strong></span> <span class='ocrx_word' id='word_1_125' title='bbox 439 1996 519 2040; x_wconf 89' lang='lat' dir='ltr'><strong>sono</strong></span> <span class='ocrx_word' id='word_1_126' title='bbox 535 1976 635 2040; x_wconf 87' lang='lat' dir='ltr'><strong>uerba</strong></span> <span class='ocrx_word' id='word_1_127' title='bbox 649 1977 750 2060; x_wconf 79' lang='lat' dir='ltr'><strong>ligatu</strong></span> <span class='ocrx_word' id='word_1_128' title='bbox 765 1978 863 2060; x_wconf 82' lang='lat' dir='ltr'><strong>daret,</strong></span> 
     </span>
     <span class='ocr_line' id='line_1_22' title="bbox 144 2060 947 2144; baseline 0.001 -20"><span class='ocrx_word' id='word_1_129' title='bbox 144 2061 218 2144; x_wconf 87' lang='lat' dir='ltr'><strong>Ipse</strong></span> <span class='ocrx_word' id='word_1_130' title='bbox 233 2083 305 2125; x_wconf 86' lang='lat' dir='ltr'><strong>mco</strong></span> <span class='ocrx_word' id='word_1_131' title='bbox 321 2061 452 2124; x_wconf 87' lang='lat' dir='ltr'><strong>domino</strong></span> <span class='ocrx_word' id='word_1_132' title='bbox 468 2060 545 2124; x_wconf 85' lang='lat' dir='ltr'><strong>deus</strong></span> <span class='ocrx_word' id='word_1_133' title='bbox 559 2061 697 2143; x_wconf 88' lang='lat' dir='ltr'><strong>imperat</strong></span> <span class='ocrx_word' id='word_1_134' title='bbox 712 2064 808 2144; x_wconf 85' lang='lat' dir='ltr'><strong>atque</strong></span> <span class='ocrx_word' id='word_1_135' title='bbox 823 2061 947 2125; x_wconf 86' lang='lat' dir='ltr'><strong>iubebit</strong></span> 
     </span>
     <span class='ocr_line' id='line_1_23' title="bbox 93 2144 787 2228; baseline 0 -20"><span class='ocrx_word' id='word_1_136' title='bbox 93 2159 130 2208; x_wconf 73' lang='lat'><strong>50</strong></span> <span class='ocrx_word' id='word_1_137' title='bbox 188 2144 235 2209; x_wconf 91' lang='lat' dir='ltr'><strong>Ut</strong></span> <span class='ocrx_word' id='word_1_138' title='bbox 249 2167 300 2209; x_wconf 89' lang='lat' dir='ltr'><strong>me</strong></span> <span class='ocrx_word' id='word_1_139' title='bbox 315 2146 465 2208; x_wconf 83' lang='lat' dir='ltr'><strong>restituat</strong></span> <span class='ocrx_word' id='word_1_140' title='bbox 479 2145 691 2228; x_wconf 73' lang='lat' dir='ltr'><strong>respiciatque</strong></span> <span class='ocrx_word' id='word_1_141' title='bbox 706 2145 787 2226; x_wconf 90' lang='lat' dir='ltr'><strong>pius,</strong></span> 
     </span>
     <span class='ocr_line' id='line_1_24' title="bbox 148 2229 974 2312; baseline -0.005 -16"><span class='ocrx_word' id='word_1_142' title='bbox 148 2229 262 2296; x_wconf 83' lang='lat' dir='ltr'><strong>Seruet</strong></span> <span class='ocrx_word' id='word_1_143' title='bbox 276 2229 330 2293; x_wconf 88' lang='lat' dir='ltr'><strong>aui</strong></span> <span class='ocrx_word' id='word_1_144' title='bbox 345 2235 382 2294; x_wconf 85' lang='lat' dir='ltr'><strong>ut</strong></span> <span class='ocrx_word' id='word_1_145' title='bbox 396 2229 506 2294; x_wconf 85' lang='lat' dir='ltr'><strong>laudes</strong></span> <span class='ocrx_word' id='word_1_146' title='bbox 521 2229 625 2292; x_wconf 90' lang='lat' dir='ltr'><strong>dicam</strong></span> <span class='ocrx_word' id='word_1_147' title='bbox 638 2230 822 2311; x_wconf 88' lang='lat' dir='ltr'><strong>patriasque</strong></span> <span class='ocrx_word' id='word_1_148' title='bbox 837 2249 974 2312; x_wconf 86' lang='lat' dir='ltr'><strong>suasque</strong></span> 
     </span>
     <span class='ocr_line' id='line_1_25' title="bbox 189 2313 858 2398; baseline -0.004 -20"><span class='ocrx_word' id='word_1_149' title='bbox 189 2314 316 2397; x_wconf 89' lang='lat' dir='ltr'><strong>Perque</strong></span> <span class='ocrx_word' id='word_1_150' title='bbox 331 2336 404 2378; x_wconf 87' lang='lat' dir='ltr'><strong>suas</strong></span> <span class='ocrx_word' id='word_1_151' title='bbox 419 2315 526 2396; x_wconf 87' lang='lat' dir='ltr'><strong>proles</strong></span> <span class='ocrx_word' id='word_1_152' title='bbox 539 2313 630 2398; x_wconf 80' lang='lat' dir='ltr'><strong>regia</strong></span> <span class='ocrx_word' id='word_1_153' title='bbox 644 2317 722 2377; x_wconf 84' lang='lat' dir='ltr'><strong>uota</strong></span> <span class='ocrx_word' id='word_1_154' title='bbox 737 2333 858 2376; x_wconf 89' lang='lat' dir='ltr'><strong>canam.</strong></span> 
     </span>
     <span class='ocr_line' id='line_1_26' title="bbox 150 2395 999 2546; baseline -0.004 -83"><span class='ocrx_word' id='word_1_155' title='bbox 150 2397 253 2482; x_wconf 83' lang='lat' dir='ltr'><strong>Oulpa</strong></span> <span class='ocrx_word' id='word_1_156' title='bbox 264 2398 398 2546; x_wconf 70' lang='lat' dir='ltr'><strong>quidem</strong></span> <span class='ocrx_word' id='word_1_157' title='bbox 411 2399 520 2482; x_wconf 83' lang='lat' dir='ltr'><strong>grauis</strong></span> <span class='ocrx_word' id='word_1_158' title='bbox 536 2403 584 2474; x_wconf 82' lang='lat' dir='ltr'><strong>est</strong></span> <span class='ocrx_word' id='word_1_159' title='bbox 598 2398 695 2461; x_wconf 81' lang='lat' dir='ltr'><strong>uenia·</strong></span> <span class='ocrx_word' id='word_1_160' title='bbox 709 2397 765 2461; x_wconf 88' lang='lat' dir='ltr'><strong>sed</strong></span> <span class='ocrx_word' id='word_1_161' title='bbox 780 2395 878 2481; x_wconf 84' lang='lat' dir='ltr'><strong>digna</strong></span> <span class='ocrx_word' id='word_1_162' title='bbox 891 2400 999 2460; x_wconf 83' lang='lat' dir='ltr'><strong>reatus</strong></span> 
     </span>
     <span class='ocr_line' id='line_1_27' title="bbox 191 2481 860 2566; baseline -0.001 -20"><span class='ocrx_word' id='word_1_163' title='bbox 191 2481 261 2558; x_wconf 80' lang='lat' dir='ltr'><strong>Quo</strong></span> <span class='ocrx_word' id='word_1_164' title='bbox 298 2484 367 2548; x_wconf 88' lang='lat' dir='ltr'><strong>sine</strong></span> <span class='ocrx_word' id='word_1_165' title='bbox 382 2483 506 2566; x_wconf 84' lang='lat' dir='ltr'><strong>peccati</strong></span> <span class='ocrx_word' id='word_1_166' title='bbox 521 2482 654 2546; x_wconf 84' lang='lat' dir='ltr'><strong>crimine</strong></span> <span class='ocrx_word' id='word_1_167' title='bbox 670 2503 766 2546; x_wconf 89' lang='lat' dir='ltr'><strong>nemo</strong></span> <span class='ocrx_word' id='word_1_168' title='bbox 781 2481 860 2545; x_wconf 85' lang='lat' dir='ltr'><strong>fuit:</strong></span> 
     </span>
     <span class='ocr_line' id='line_1_28' title="bbox 97 2565 1052 2650; baseline 0.002 -22"><span class='ocrx_word' id='word_1_169' title='bbox 97 2580 134 2629; x_wconf 77' lang='lat'><strong>55</strong></span> <span class='ocrx_word' id='word_1_170' title='bbox 150 2565 183 2632; x_wconf 89' lang='lat' dir='ltr'>N</span> <span class='ocrx_word' id='word_1_171' title='bbox 184 2590 236 2632; x_wconf 86' lang='lat' dir='ltr'><strong>em</strong></span> <span class='ocrx_word' id='word_1_172' title='bbox 252 2567 329 2632; x_wconf 89' lang='lat' dir='ltr'><strong>deus</strong></span> <span class='ocrx_word' id='word_1_173' title='bbox 342 2569 546 2650; x_wconf 89' lang='lat' dir='ltr'><strong>omnipotens</strong></span> <span class='ocrx_word' id='word_1_174' title='bbox 561 2567 669 2649; x_wconf 86' lang='lat' dir='ltr'><strong>potuit</strong></span> <span class='ocrx_word' id='word_1_175' title='bbox 683 2589 756 2630; x_wconf 90' lang='lat' dir='ltr'><strong>eum</strong></span> <span class='ocrx_word' id='word_1_176' title='bbox 773 2566 927 2631; x_wconf 87' lang='lat' dir='ltr'><strong>conderet</strong></span> <span class='ocrx_word' id='word_1_177' title='bbox 941 2566 1052 2631; x_wconf 88' lang='lat' dir='ltr'><strong>orbem</strong></span> 
     </span>
     <span class='ocr_line' id='line_1_29' title="bbox 189 2651 794 2736; baseline -0.003 -20"><span class='ocrx_word' id='word_1_178' title='bbox 189 2651 349 2717; x_wconf 78' lang='lat' dir='ltr'><strong>Tristibus</strong></span> <span class='ocrx_word' id='word_1_179' title='bbox 364 2653 480 2717; x_wconf 87' lang='lat' dir='ltr'><strong>amotis</strong></span> <span class='ocrx_word' id='word_1_180' title='bbox 495 2651 611 2736; x_wconf 82' lang='lat' dir='ltr'><strong>gaudia</strong></span> <span class='ocrx_word' id='word_1_181' title='bbox 626 2651 695 2715; x_wconf 87' lang='lat' dir='ltr'><strong>sola</strong></span> <span class='ocrx_word' id='word_1_182' title='bbox 710 2651 794 2736; x_wconf 79' lang='lat' dir='ltr'><strong>dare,</strong></span> 
     </span>
     <span class='ocr_line' id='line_1_30' title="bbox 150 2735 877 2802; baseline -0.003 -1"><span class='ocrx_word' id='word_1_183' title='bbox 150 2735 212 2801; x_wconf 81' lang='lat' dir='ltr'><strong>Sed</strong></span> <span class='ocrx_word' id='word_1_184' title='bbox 227 2737 354 2802; x_wconf 84' lang='lat' dir='ltr'><strong>diuersa</strong></span> <span class='ocrx_word' id='word_1_185' title='bbox 368 2759 479 2800; x_wconf 87' lang='lat' dir='ltr'><strong>creans</strong></span> <span class='ocrx_word' id='word_1_186' title='bbox 495 2740 527 2801; x_wconf 91' lang='lat' dir='ltr'><strong>et</strong></span> <span class='ocrx_word' id='word_1_187' title='bbox 542 2735 756 2800; x_wconf 77' lang='lat' dir='ltr'><strong>discordantis</strong></span> <span class='ocrx_word' id='word_1_188' title='bbox 770 2737 877 2799; x_wconf 86' lang='lat' dir='ltr'><strong>iunxit</strong></span> 
     </span>
     <span class='ocr_line' id='line_1_31' title="bbox 192 2819 938 2886; baseline -0.003 0"><span class='ocrx_word' id='word_1_189' title='bbox 192 2821 236 2886; x_wconf 83' lang='lat' dir='ltr'><strong>Et</strong></span> <span class='ocrx_word' id='word_1_190' title='bbox 252 2825 337 2886; x_wconf 90' lang='lat' dir='ltr'><strong>bona</strong></span> <span class='ocrx_word' id='word_1_191' title='bbox 351 2822 452 2886; x_wconf 84' lang='lat' dir='ltr'><strong>mixta</strong></span> <span class='ocrx_word' id='word_1_192' title='bbox 467 2821 559 2885; x_wconf 86' lang='lat' dir='ltr'><strong>malis</strong></span> <span class='ocrx_word' id='word_1_193' title='bbox 574 2824 607 2884; x_wconf 89' lang='lat' dir='ltr'><strong>et</strong></span> <span class='ocrx_word' id='word_1_194' title='bbox 621 2820 705 2883; x_wconf 88' lang='lat' dir='ltr'><strong>mala</strong></span> <span class='ocrx_word' id='word_1_195' title='bbox 719 2820 821 2883; x_wconf 84' lang='lat' dir='ltr'><strong>mixta</strong></span> <span class='ocrx_word' id='word_1_196' title='bbox 835 2819 938 2884; x_wconf 87' lang='lat' dir='ltr'><strong>bonis.</strong></span> 
     </span>
     <span class='ocr_line' id='line_1_32' title="bbox 151 2904 955 2989; baseline -0.007 -17"><span class='ocrx_word' id='word_1_197' title='bbox 151 2905 204 2972; x_wconf 76' lang='lat' dir='ltr'><strong>Sic</strong></span> <span class='ocrx_word' id='word_1_198' title='bbox 219 2906 378 2970; x_wconf 86' lang='lat' dir='ltr'><strong>elementa</strong></span> <span class='ocrx_word' id='word_1_199' title='bbox 391 2909 508 2989; x_wconf 87' lang='lat' dir='ltr'><strong>potens</strong></span> <span class='ocrx_word' id='word_1_200' title='bbox 523 2904 684 2970; x_wconf 85' lang='lat' dir='ltr'><strong>contraria</strong></span> <span class='ocrx_word' id='word_1_201' title='bbox 698 2905 828 2968; x_wconf 75' lang='lat' dir='ltr'><strong>miscuit</strong></span> <span class='ocrx_word' id='word_1_202' title='bbox 842 2907 955 2969; x_wconf 84' lang='lat' dir='ltr'><strong>auctor</strong></span> 
     </span>
    </p>
   </div>
   <div class='ocr_carea' id='block_1_4' title="bbox 79 3123 1055 3394">
    <p class='ocr_par' dir='ltr' id='par_1_4' title="bbox 79 3123 1055 3394">
     <span class='ocr_line' id='line_1_33' title="bbox 168 3123 1018 3194; baseline -0.007 -15"><span class='ocrx_word' id='word_1_203' title='bbox 168 3131 200 3179; x_wconf 85' lang='lat'><strong>31</strong></span> <span class='ocrx_word' id='word_1_204' title='bbox 223 3131 250 3178; x_wconf 86' lang='lat' dir='ltr'><strong>in</strong></span> <span class='ocrx_word' id='word_1_205' title='bbox 272 3133 384 3194; x_wconf 73' lang='lat' dir='ltr'><strong>murptnc</strong></span> <span class='ocrx_word' id='word_1_206' title='bbox 406 3144 493 3178; x_wconf 82' lang='lat' dir='ltr'><strong>munus</strong></span> <span class='ocrx_word' id='word_1_207' title='bbox 513 3128 643 3177; x_wconf 79' lang='lat' dir='ltr'><strong>recentior</strong></span> <span class='ocrx_word' id='word_1_208' title='bbox 664 3129 803 3192; x_wconf 61' lang='lat' dir='ltr'><strong>adscripsit</strong></span> <span class='ocrx_word' id='word_1_209' title='bbox 825 3123 1018 3190; x_wconf 62' lang='lat' dir='ltr'><strong>Nabuchodn]</strong></span> 
     </span>
     <span class='ocr_line' id='line_1_34' title="bbox 79 3193 1053 3260; baseline -0.008 -13"><span class='ocrx_word' id='word_1_210' title='bbox 79 3198 116 3247; x_wconf 87' lang='lat'><strong>38</strong></span> <span class='ocrx_word' id='word_1_211' title='bbox 135 3196 216 3246; x_wconf 91' lang='lat' dir='ltr'><strong>homo</strong></span> <span class='ocrx_word' id='word_1_212' title='bbox 239 3213 285 3246; x_wconf 88' lang='lat' dir='ltr'><strong>om.</strong></span> <span class='ocrx_word' id='word_1_213' title='bbox 305 3197 425 3247; x_wconf 84' lang='lat' dir='ltr'><strong>Sirmoncl</strong></span> <span class='ocrx_word' id='word_1_214' title='bbox 492 3198 525 3247; x_wconf 83' lang='lat'><strong>39</strong></span> <span class='ocrx_word' id='word_1_215' title='bbox 545 3193 646 3260; x_wconf 86' lang='lat' dir='ltr'><strong>Liquit]</strong></span> <span class='ocrx_word' id='word_1_216' title='bbox 671 3198 767 3244; x_wconf 59' lang='lat' dir='ltr'><strong>inter-*i</strong></span> <span class='ocrx_word' id='word_1_217' title='bbox 785 3203 810 3244; x_wconf 87' lang='lat' dir='ltr'><strong>et</strong></span> <span class='ocrx_word' id='word_1_218' title='bbox 829 3211 846 3258; x_wconf 91' lang='lat' dir='ltr'><strong>q</strong></span> <span class='ocrx_word' id='word_1_219' title='bbox 868 3196 958 3243; x_wconf 80' lang='lat' dir='ltr'><strong>literas</strong></span> <span class='ocrx_word' id='word_1_220' title='bbox 979 3194 1053 3240; x_wconf 76' lang='lat' dir='ltr'><strong>nnius</strong></span> 
     </span>
     <span class='ocr_line' id='line_1_35' title="bbox 79 3260 1054 3328; baseline -0.004 -16"><span class='ocrx_word' id='word_1_221' title='bbox 79 3267 124 3314; x_wconf 80' lang='lat' dir='ltr'><strong>uel</strong></span> <span class='ocrx_word' id='word_1_222' title='bbox 146 3266 251 3314; x_wconf 82' lang='lat' dir='ltr'><strong>duarum</strong></span> <span class='ocrx_word' id='word_1_223' title='bbox 273 3267 403 3314; x_wconf 83' lang='lat' dir='ltr'><strong>literarum</strong></span> <span class='ocrx_word' id='word_1_224' title='bbox 419 3267 529 3328; x_wconf 77' lang='lat' dir='ltr'><strong>spatium</strong></span> <span class='ocrx_word' id='word_1_225' title='bbox 547 3269 586 3312; x_wconf 80' lang='lat' dir='ltr'><strong>est</strong></span> <span class='ocrx_word' id='word_1_226' title='bbox 604 3260 608 3326; x_wconf 87' lang='grc'>1</span> <span class='ocrx_word' id='word_1_227' title='bbox 629 3261 732 3328; x_wconf 83' lang='lat' dir='ltr'><strong>senior]</strong></span> <span class='ocrx_word' id='word_1_228' title='bbox 754 3265 763 3310; x_wconf 91' lang='lat' dir='ltr'><strong>i</strong></span> <span class='ocrx_word' id='word_1_229' title='bbox 782 3269 806 3311; x_wconf 86' lang='lat' dir='ltr'><strong>et</strong></span> <span class='ocrx_word' id='word_1_230' title='bbox 824 3278 837 3311; x_wconf 87' lang='lat' dir='ltr'><strong>r</strong></span> <span class='ocrx_word' id='word_1_231' title='bbox 855 3261 949 3310; x_wconf 81' lang='lat' dir='ltr'><strong>literas</strong></span> <span class='ocrx_word' id='word_1_232' title='bbox 966 3274 1054 3308; x_wconf 80' lang='lat' dir='ltr'><strong>manns</strong></span> 
     </span>
     <span class='ocr_line' id='line_1_36' title="bbox 79 3327 1055 3394; baseline -0.005 -14"><span class='ocrx_word' id='word_1_233' title='bbox 79 3335 213 3382; x_wconf 82' lang='lat' dir='ltr'><strong>recentior</strong></span> <span class='ocrx_word' id='word_1_234' title='bbox 237 3334 264 3382; x_wconf 81' lang='lat' dir='ltr'><strong>in</strong></span> <span class='ocrx_word' id='word_1_235' title='bbox 290 3348 422 3382; x_wconf 83' lang='lat' dir='ltr'><strong>erasurum</strong></span> <span class='ocrx_word' id='word_1_236' title='bbox 448 3335 527 3382; x_wconf 81' lang='lat' dir='ltr'><strong>locum</strong></span> <span class='ocrx_word' id='word_1_237' title='bbox 548 3333 660 3394; x_wconf 81' lang='lat' dir='ltr'><strong>scripsit.</strong></span> <span class='ocrx_word' id='word_1_238' title='bbox 682 3332 745 3394; x_wconf 81' lang='lat' dir='ltr'><strong>sort.</strong></span> <span class='ocrx_word' id='word_1_239' title='bbox 772 3331 925 3379; x_wconf 80' lang='lat' dir='ltr'><strong>Dracontius</strong></span> <span class='ocrx_word' id='word_1_240' title='bbox 947 3327 1055 3390; x_wconf 81' lang='lat' dir='ltr'><strong>scripsit</strong></span> 
     </span>
    </p>
   </div>
   <div class='ocr_carea' id='block_1_5' title="bbox 79 3396 1054 3570">
    <p class='ocr_par' dir='ltr' id='par_1_5' title="bbox 79 3396 1054 3570">
     <span class='ocr_line' id='line_1_37' title="bbox 81 3396 1054 3462; baseline -0.007 -13"><span class='ocrx_word' id='word_1_241' title='bbox 81 3400 177 3449; x_wconf 76' lang='lat' dir='ltr'><strong>sancti</strong></span> <span class='ocrx_word' id='word_1_242' title='bbox 195 3400 230 3462; x_wconf 80' lang='lat' dir='ltr'><strong>cs.</strong></span> <span class='ocrx_word' id='word_1_243' title='bbox 249 3402 274 3450; x_wconf 85' lang='lat' dir='ltr'><strong>d.</strong></span> <span class='ocrx_word' id='word_1_244' title='bbox 287 3403 334 3450; x_wconf 83' lang='lat' dir='ltr'><strong>dcc</strong></span> <span class='ocrx_word' id='word_1_245' title='bbox 353 3399 380 3448; x_wconf 91' lang='grc' dir='ltr'><strong>ΙΙ</strong></span> <span class='ocrx_word' id='word_1_246' title='bbox 398 3400 447 3450; x_wconf 76' lang='grc'><strong>676</strong></span> <span class='ocrx_word' id='word_1_247' title='bbox 465 3413 547 3448; x_wconf 88' lang='lat' dir='ltr'><strong>uerus</strong></span> <span class='ocrx_word' id='word_1_248' title='bbox 565 3399 716 3462; x_wconf 79' lang='lat' dir='ltr'><strong>interpolati</strong></span> <span class='ocrx_word' id='word_1_249' title='bbox 732 3405 756 3446; x_wconf 89' lang='lat' dir='ltr'><strong>ct</strong></span> <span class='ocrx_word' id='word_1_250' title='bbox 776 3400 903 3445; x_wconf 74' lang='lat' dir='ltr'><strong>Arctatus</strong></span> <span class='ocrx_word' id='word_1_251' title='bbox 959 3396 993 3445; x_wconf 82' lang='lat'><strong>45</strong></span> <span class='ocrx_word' id='word_1_252' title='bbox 1011 3399 1054 3458; x_wconf 83' lang='lat' dir='ltr'><strong>ty·</strong></span> 
     </span>
     <span class='ocr_line' id='line_1_38' title="bbox 79 3467 755 3570; baseline -0.007 -1"><span class='ocrx_word' id='word_1_253' title='bbox 79 3533 198 3569; x_wconf 83' lang='lat' dir='ltr'><strong>rannum</strong></span> <span class='ocrx_word' id='word_1_254' title='bbox 218 3518 338 3570; x_wconf 84' lang='lat' dir='ltr'><strong>Sirmond</strong></span> <span class='ocrx_word' id='word_1_255' title='bbox 414 3519 446 3568; x_wconf 82' lang='lat'><strong>53</strong></span> <span class='ocrx_word' id='word_1_256' title='bbox 468 3467 755 3567; x_wconf 65' lang='lat' dir='ltr'><strong>musitanam</strong></span> 
     </span>
    </p>
   </div>
   <div class='ocr_carea' id='block_1_6' title="bbox 134 3600 849 3646">
    <p class='ocr_par' dir='ltr' id='par_1_6' title="bbox 134 3600 849 3646">
     <span class='ocr_line' id='line_1_39' title="bbox 134 3600 849 3646; baseline -0.006 -5"><span class='ocrx_word' id='word_1_257' title='bbox 134 3603 268 3644; x_wconf 66' lang='lat' dir='ltr'><strong>Ducortrir</strong></span> <span class='ocrx_word' id='word_1_258' title='bbox 281 3601 395 3642; x_wconf 79' lang='lat' dir='ltr'><strong>carmina.</strong></span> <span class='ocrx_word' id='word_1_259' title='bbox 833 3600 849 3646; x_wconf 82' lang='lat'><strong>6</strong></span> 
     </span>
    </p>
   </div>
   <div class='ocr_carea' id='block_1_7' title="bbox 0 0 1251 3886">
    <p class='ocr_par' dir='ltr' id='par_1_7' title="bbox 0 0 1251 3886">
     <span class='ocr_line' id='line_1_40' title="bbox 0 0 1251 3886; baseline 0 0"><span class='ocrx_word' id='word_1_260' title='bbox 0 0 1251 3886; x_wconf 95' lang='lat' dir='ltr'><strong> </strong></span> 
     </span>
    </p>
   </div>
  </div>
 </body>
</html>
