2474 3886
379 219 404 267 v
425 218 560 267 eor-eae
590 217 627 266 v1
651 219 733 266 1-24
999 213 1040 278 21

162 369 242 450 hxp.
262 367 488 432 controuersia
502 367 630 431 statuae
643 367 710 431 uiri
723 366 819 432 fortis
833 384 926 448 qnam
941 366 1026 432 dixit

238 457 273 521 in
288 455 485 537 Gargilicnis
498 454 633 519 thermis
646 455 790 521 Blossius
803 455 938 520 hmilius

256 545 449 609 Dracontius
462 544 517 608 vir
531 543 728 609 clarissimus
742 545 775 609 et
787 545 921 626 togatus

279 632 343 698 fori
356 632 556 715 proconsulis
570 631 671 696 almae
685 632 898 714 Karthaginis

316 720 401 804 apud
413 719 632 803 proconsulem
645 719 859 804 Pacidegium.

382 958 437 1025 vl.
473 959 732 1042 Epithalamium.

136 1079 273 1165 Egregii
287 1080 420 1143 iuuenes
436 1085 464 1144 ct
476 1080 581 1165 gloria
595 1102 720 1144 summa
734 1084 914 1163 parentum,

137 1165 265 1229 Foedus
282 1164 450 1248 amicitiae,
467 1164 611 1229 solamen
625 1165 747 1248 grande
762 1164 926 1247 clientum,

139 1248 255 1312 Dulcia
271 1248 406 1312 cantatis
421 1247 497 1312 dum
511 1249 597 1312 uotis
613 1249 756 1312 carmina
770 1249 896 1330 uestris,

139 1333 309 1398 Facundos
324 1353 382 1397 uos
397 1333 475 1396 fecit
490 1354 588 1397 amor.
619 1331 731 1396 Uenus
746 1333 840 1414 alma,
855 1335 997 1414 potestas

99 1432 116 1479 5
133 1417 307 1500 Delphica,
324 1417 562 1499 flammipotens
576 1417 707 1480 inclusit
721 1416 842 1499 templa
857 1415 992 1498 Cupido.

138 1501 298 1584 Tempora
312 1500 377 1564 iam
391 1500 483 1564 lauro
499 1501 552 1565 uel
566 1505 672 1584 myrto
689 1501 809 1585 cingite
823 1500 949 1564 frontes

138 1585 184 1650 hc
198 1585 294 1648 uiolis
310 1591 423 1650 ornate
439 1606 556 1667 eomas,
572 1585 649 1648 dent
664 1585 737 1649 alba
752 1606 887 1649 coronas

138 1669 224 1732 Lilia
238 1669 338 1732 mixta
353 1668 444 1753 rosis,
461 1669 581 1734 candor
594 1669 764 1753 pallorque
779 1670 941 1753 ruborque

141 1753 292 1818 Crinibus
306 1753 426 1816 insidat
442 1753 497 1836 qui
512 1758 628 1817 uernat
641 1754 676 1816 in
692 1775 750 1818 ore
762 1753 888 1837 puellis,

87 1852 123 1900 10
137 1837 288 1902 Floribus
303 1837 472 1901 ambrosiis
484 1838 647 1920 sponsalia
661 1842 746 1902 serta
760 1838 912 1922 ligentur.

141 1920 245 1987 Saltet
259 1921 468 2004 Apollineum
483 1921 584 1985 Musis
600 1923 804 1986 cantantibus
819 1943 945 2006 agmen,

140 2006 266 2070 Laurea
280 2010 365 2069 serta
380 2006 479 2070 comis
493 2005 641 2089 imponat
654 2006 791 2091 pulchra
805 2006 921 2088 Dione,

140 2089 289 2155 Pallados
305 2090 483 2154 armisonae
499 2091 620 2153 crinem
634 2091 823 2174 praecingat
839 2091 934 2172 oliua,

140 2177 242 2238 Arma
256 2173 340 2237 ferat
354 2167 467 2238 Martis
484 2174 599 2258 quibus
615 2179 647 2238 et
661 2175 831 2256 proludere
846 2173 950 2237 nostis

94 2273 126 2320 15
141 2258 186 2323 Et
198 2258 322 2322 bellum
334 2259 361 2323 si
373 2261 502 2341 tempus
518 2263 592 2342 eget
605 2257 748 2340 perferre
763 2257 888 2320 uadetis.

140 2342 282 2406 Interius
297 2364 355 2406 uos
371 2341 465 2406 Musa
480 2341 591 2406 Uenus
607 2341 820 2425 Phoebusque
836 2338 961 2422 Cupido

140 2427 185 2491 Et
200 2425 349 2490 Bromius
364 2427 507 2510 possedit
520 2426 659 2510 Hymen,
675 2427 761 2490 Mars
777 2426 874 2490 saltat
887 2445 1011 2489 amores

139 2510 185 2574 he
199 2509 360 2574 Uenerem
375 2511 501 2593 placare
517 2511 615 2594 cupit,
632 2512 682 2575 cui
698 2511 817 2575 militat
832 2509 937 2575 omnis

141 2594 303 2658 Marcidus
319 2599 351 2658 et
365 2594 460 2658 nudis
475 2594 559 2659 ludit
572 2598 646 2679 post
660 2618 749 2660 arma
763 2595 900 2677 lacertis,

90 2693 124 2741 20
138 2683 189 2743 Ac
203 2679 395 2742 furibundus
404 2681 507 2744 Amor
518 2677 654 2743 Ueneris
671 2702 728 2763 per
741 2683 844 2743 castra
853 2678 1043 2760 triumphat,

140 2762 180 2827 In
195 2763 347 2847 praedam
362 2785 478 2827 uenere
494 2763 545 2827 dei
560 2765 709 2827 uincente
725 2763 840 2828 Dione.

140 2846 231 2931 Ergo
247 2845 406 2911 Uenuste
422 2847 516 2912 docta
530 2869 611 2912 uoco
626 2848 766 2911 facunda
804 2846 894 2930 erita,

141 2930 204 2995 Per
219 2952 331 2994 sensus
346 2936 378 2995 te
393 2931 492 2996 funde
508 2953 605 2996 meos.
635 2937 692 2996 tua
706 2870 825 3016 gauciia
838 2931 977 3014 seruent,

141 3014 266 3098 Sponte
279 3015 390 3079 uenire
407 3015 505 3099 decet,
521 3038 589 3080 mon
604 3021 636 3080 te
652 3017 743 3080 decet
757 3017 803 3079 ire
818 3019 976 3100 rogatam.

144 3173 171 3219 in
194 3170 382 3232 subscriptione
403 3170 581 3234 Gurgulianis
604 3172 637 3233 cf.
656 3173 762 3220 indc'oom
786 3169 791 3234 Ι
815 3185 908 3219 ermae
927 3167 1047 3217 Kartha·

75 3237 152 3302 ginis
168 3237 172 3300 Ι
186 3237 251 3298 fort.
265 3237 424 3287 scribendam
442 3237 604 3288 Pacideium
660 3242 670 3286 l
690 3246 749 3287 ante
767 3253 866 3286 uersum
884 3237 1046 3297 ocmuptelae

71 3312 137 3355 nola
156 3307 323 3368 conspuitur.
347 3308 455 3368 spatium
472 3307 584 3356 relictum
603 3312 641 3356 est
710 3305 847 3356 bimausit
865 3319 932 3353 corr.
951 3301 1048 3351 Bacch.

74 3389 108 3422 on
131 3373 259 3421 inuasit?
339 3374 371 3422 13
394 3373 534 3422 amiserae
561 3375 664 3423 crimen
692 3372 854 3436 corruptelae
878 3379 941 3421 nola
962 3371 1049 3420 neroni

70 3442 200 3504 praefixa
218 3444 258 3489 est
343 3442 376 3489 22
395 3439 463 3490 duco
487 3440 513 3504 (o
531 3443 557 3491 in
575 3439 678 3504 romara)
698 3456 766 3491 corr.
786 3438 883 3491 Buech.
953 3438 986 3488 24
1004 3452 1048 3486 ro-

73 3514 174 3573 gatum
193 3522 263 3557 corr.
282 3507 379 3558 Bacch.
