2474 3886
495 201 520 250 x
539 203 672 252 183-246
1025 203 1065 266 67

100 363 151 411 215
164 349 289 414 Reddat
303 352 335 413 et
350 350 488 433 incipias
501 349 619 413 iterum
634 371 692 413 ceu
707 353 807 414 nauta
822 351 957 415 uenire.'

165 434 253 498 Dum
267 434 411 517 loquitur
425 435 579 517 pinnatus
595 435 710 517 Amor,
726 434 792 497 iam
807 435 900 520 uirgo
916 435 1045 502 leuabat

165 518 326 583 Destricto
340 539 495 582 mucrone
510 539 651 582 manum.
682 517 828 601 captiuus
842 519 939 584 Iason

163 601 347 668 Exclamat:
370 605 535 666 ‘succurre
550 599 662 666 Uenus
668 653 677 685 ‚
693 623 841 666 succurre
857 602 991 687 Cupido.

163 685 233 750 Iam
247 685 362 768 ferior,
378 680 492 750 Medea
504 685 608 749 ferit'
639 686 684 750 sic
698 685 795 751 fatus.
823 687 924 750 atille

98 770 178 834 2201
226 791 263 834 00
277 771 401 834 sidereo
417 770 583 854 componit
597 770 720 853 spicula
734 791 851 855 neruo,

199 854 253 918 isit
267 853 479 918 arundineum
493 875 552 938 per
565 855 713 919 flammea
728 876 848 919 cornua
863 855 998 937 ferrum,

164 938 305 1003 Stridula
318 938 384 1003 tela
399 938 527 1002 nolant:
550 939 682 1022 rapiunt
700 938 888 1022 praecordia
902 938 1061 1023 flammas,

164 1022 269 1088 Corda
284 1023 391 1088 calent
405 1022 490 1087 oculi
514 1044 554 1088 ue
568 1022 694 1108 labant,
711 1024 849 1106 suspiria
862 1027 1032 1108 rumpunt,

162 1107 307 1172 Marcida
320 1044 627 1172 funereumlaxauit
641 1107 772 1171 dextera
788 1107 920 1172 ferrum.

86 1202 148 1254 ’220
162 1190 225 1256 Sed
238 1191 348 1258 nutrix
363 1191 479 1255 mirata
493 1212 600 1255 moras
623 1191 691 1255 ‘dic
711 1191 805 1276 uirgo
818 1190 895 1274 quid
910 1191 1060 1257 haeres?’

161 1275 312 1360 Increpat
327 1281 416 1340 ‘ecoe
430 1275 501 1339 feri.
529 1276 628 1339 fibrae
642 1275 809 1358 rapiantur
824 1279 857 1339 et
871 1278 960 1357 exta,

163 1359 355 1425 Consultum
370 1359 424 1424 det
437 1359 505 1423 fata
519 1360 616 1424 iecur.
649 1357 762 1422 Medea
777 1359 934 1422 moraris?

164 1444 356 1509 Occidimus.
386 1443 541 1526 torpescit
554 1444 641 1507 iners
657 1443 802 1506 antistita
819 1440 966 1506 Phoebes

161 1528 326 1593 Permixto
340 1528 463 1612 pallore
478 1530 612 1611 rubens,
626 1549 695 1591 non
709 1527 833 1591 lumina
847 1524 968 1605 mhrat,

95 1627 148 1674 230
161 1613 238 1678 Non
253 1613 333 1676 fruit
347 1616 403 1676 aut
417 1612 547 1676 tremuli
559 1612 696 1676 strident
710 1611 745 1674 in
760 1632 923 1675 murmure
939 1613 1060 1678 dentes.

162 1697 228 1762 Our
242 1696 403 1761 homicida
417 1717 512 1760 uaeas
528 1699 560 1760 et
574 1700 639 1760 stas
654 1695 732 1760 rea?
760 1695 815 1760 sed
828 1717 884 1760 rea
898 1716 966 1760 non
981 1717 1014 1759 es

162 1781 197 1846 Si
210 1781 311 1845 fueris
325 1780 487 1844 homicida
500 1780 614 1865 magis.
645 1802 703 1844 cur
717 1780 858 1863 explicat
873 1782 960 1843 artus

160 1867 230 1930 Aut
242 1865 351 1949 tangit
364 1885 421 1928 cur
435 1885 529 1948 saepe
545 1868 658 1948 eaput,
674 1863 751 1948 quid
766 1865 869 1947 spirat
882 1863 989 1932 hiatus

161 1949 235 2014 Oris
251 1957 283 2014 et
299 1948 339 2012 ad
353 1970 469 2013 zonam
485 1948 580 2033 digiti
594 1949 768 2012 mittuntur
783 1947 945 2012 inermes?

93 2045 145 2095 235
159 2039 212 2098 An
228 2054 342 2119 magus
358 2037 406 2096 est
420 2033 524 2116 pirata
539 2033 646 2097 iacens
663 2036 696 2096 et
710 2053 800 2096 sacra
814 2031 939 2096 Dianae

160 2119 325 2182 Murmure
339 2117 477 2182 sollicito
493 2117 644 2199 prohibet
658 2115 819 2198 soluitque
834 2115 1031 2198 profanusl'

159 2203 294 2267 Dixerat
308 2205 341 2264 et
355 2201 497 2285 gladium
512 2200 641 2265 dextrae
656 2199 830 2264 reuocabat
844 2199 941 2263 inerti

159 2287 264 2370 Impia
278 2287 381 2370 turpis
397 2307 487 2350 anus.
517 2306 627 2348 rursus
642 2282 823 2347 conclamat
835 2280 947 2346 Iason:

160 2367 319 2435 ‘Uictima
330 2391 409 2453 sum,
424 2390 532 2452 pereo,
548 2368 667 2453 iugulis
679 2366 762 2432 male
772 2387 882 2430 mucro
893 2366 1058 2440 minatur.²

91 2469 145 2517 240
156 2455 315 2520 Pinnatus
330 2453 462 2518 subrisit
476 2455 579 2518 Amor
593 2473 765 2536 rursusque
781 2452 914 2536 sagittas

159 2539 240 2603 Iecit
255 2543 287 2603 et
301 2537 442 2602 ardentis
457 2539 608 2602 nutantia
622 2537 718 2603 corda
732 2536 858 2621 fatigat.

157 2626 295 2688 Aestuat
309 2623 433 2686 interea
447 2623 545 2686 sacris
559 2623 697 2704 repetita
710 2621 856 2686 sacerdos
1073 2653 1105 2700 [p.
1119 2648 1154 2698 a]

158 2707 175 2771 I
199 2707 304 2772 nibus.
335 2705 464 2770 effatur:
490 2711 574 2770 ‘non
589 2709 639 2770 est
652 2705 733 2770 haec
748 2704 880 2769 uictima
894 2705 1000 2790 digna.

158 2729 235 2858 tion
249 2796 337 2856 torta
351 2790 474 2854 ceruice
489 2791 587 2871 iacet,
603 2791 686 2854 male
700 2788 754 2872 pal
778 2791 839 2852 itat
854 2792 957 2872 artus,
995 2833 996 2836 =

90 2890 143 2938 245
156 2877 265 2961 Erigit
279 2875 451 2957 impatiens
467 2879 500 2938 et
514 2874 640 2938 saueius
656 2876 731 2938 ante
747 2811 906 2955 dolorem,

158 2958 475 3045 Sanguinemembra
484 2963 604 3022 carent.
625 2958 765 3024 iamnon
776 2957 838 3021 erit
848 2957 955 3022 hostia
966 2962 1058 3042 grata

161 3150 211 3199 215
233 3148 336 3199 Reddet
363 3153 391 3199 et
416 3149 536 3212 incipies
561 3163 630 3199 corr.
653 3144 751 3197 Buect.
837 3145 887 3195 226
914 3145 1059 3209 rapiuntur

87 3233 161 3268 corr.
183 3215 302 3278 Bacch!
326 3224 406 3284 exsta
479 3217 528 3265 227
552 3212 721 3264 Consulum
745 3213 934 3278 consultump
1007 3211 1057 3260 228

86 3285 210 3348 tepescit
242 3284 359 3348 tepescit
376 3300 393 3348 γ
411 3299 480 3334 corr.
500 3281 596 3332 Bacch.
612 3281 616 3344 Ι
633 3281 706 3331 niers
722 3275 727 3345 Ι
742 3279 864 3330 Antistia
932 3281 982 3328 230
1005 3283 1058 3327 tre·

85 3351 173 3402 mulis
253 3354 302 3402 231
326 3350 372 3401 sed
397 3355 456 3400 stas
478 3363 548 3400 corr.
570 3349 667 3398 Bacch.
753 3349 802 3398 232
824 3346 906 3397 fueris
929 3361 998 3397 corr.
1023 3361 1059 3396 ex

88 3418 176 3469 fuerit
244 3420 295 3470 230
313 3419 406 3468 iacens
425 3434 494 3468 corr.
514 3433 550 3468 ex
567 3431 668 3467 nocens
739 3417 789 3466 237
806 3413 888 3464 nierti
956 3415 1006 3463 246
1024 3414 1057 3475 cf.

88 3487 175 3538 Orare.
192 3487 241 3538 879

820 3565 854 3616 52
