2468 3888
167 181 208 246 26
453 183 676 243 HADRIANVS.
705 185 852 243 FLORVS.

166 350 315 415 meliores
346 349 425 414 fecit
456 353 489 414 et
516 349 664 414 Graecos.
700 387 742 396 —-
778 347 858 413 Post
885 370 915 414 v.
942 349 964 414 4
996 349 1137 415 fortasse

166 434 323 520 quaedam
343 435 459 500 lacuna
479 435 604 500 hausta.

230 519 362 585 Praeter
376 519 455 585 haee
471 541 552 602 quae
573 523 658 584 recte
680 519 864 584 tribuantur
878 518 1044 584 Hadriano
1067 541 1137 585 car-

165 605 255 670 mina
268 604 385 670 Latina
405 626 473 669 non
494 607 614 669 extant.
643 603 730 668 Nam
743 604 807 668 tale
830 607 887 668 ‘ut
904 604 982 668 belli
996 625 1136 670 sonuere

165 691 279 756 tubae‘
303 694 337 755 et
356 690 490 774 parodia
511 690 579 753 eius
602 689 721 772 ‘Alma
736 687 860 773 Theon,
875 687 1025 774 Thyrsis’
1048 688 1134 787 [210.

165 775 228 841 253
250 774 307 862 M]
337 796 410 839 cum
436 773 527 839 nulla
553 773 621 838 fere
649 775 908 838 membranarum
942 778 1136 841 auotontate

166 860 273 926 addita
294 861 361 925 sint
372 859 538 924 Hadriano
561 859 651 945 (nam
671 857 814 924 codicem
833 859 1017 924 Parisinum
1039 859 1135 944 6630,

166 946 292 1010 saeculo
320 946 349 1010 si
379 944 427 1009 dis
454 945 560 1029 placet
589 943 670 1008 XHI
695 943 917 1029 tribuendum,
946 944 981 1009 in
1008 967 1074 1028 quo
1101 949 1137 1010 et

164 1030 244 1095 haec
271 1033 420 1115 poemata
447 1034 480 1095 et
506 1029 587 1094 illud
616 1026 852 1112 ‘Borysthenes
882 1030 1024 1094 Alanus’
1056 1029 1135 1094 huic

166 1115 326 1198 adscripta
348 1136 415 1179 esse
436 1118 573 1180 testatur
594 1114 760 1199 catalogus
774 1136 843 1179 non
856 1115 979 1198 moror)
1002 1115 1134 1180 silentio

165 1200 345 1284 mittemus3
360 1221 421 1266 neo
434 1201 541 1264 minus
556 1200 613 1263 illa
628 1197 774 1264 ‘Mantua
788 1199 829 1263 da
842 1201 996 1282 vem'am',
1012 1199 1134 1264 ‘Thrax

164 1307 245 1369 puer
266 1285 437 1350 adstricto'
460 1284 543 1372 [554.
560 1283 624 1371 69],
647 1284 795 1367 equibus
817 1284 879 1349 hoo
898 1306 941 1350 ne
963 1285 1135 1368 antiquum

165 1370 295 1454 quidem
316 1370 418 1436 videri
440 1370 597 1436 assentior
618 1367 805 1433 Schradero.
838 1368 987 1454 Denique
1008 1373 1136 1434 restant

165 1455 391 1540 inscriptiones
406 1455 486 1520 duae
510 1455 582 1520 ‘ille
603 1475 664 1540 ego
679 1452 875 1518 Pannoniis'
898 1458 932 1518 et
946 1453 1134 1537 ‘Borysthe-

165 1562 223 1605 nes
244 1541 396 1624 Alanus',
427 1561 563 1624 quarum
590 1541 681 1624 origo
710 1543 748 1604 ut
774 1540 897 1604 incerte
924 1540 1001 1604 satis
1022 1544 1134 1604 tamen

165 1629 312 1708 suspecta
339 1629 373 1689 et
394 1626 434 1690 ab
455 1624 621 1690 Hadriano
643 1625 756 1707 utique
783 1624 897 1689 aliena.
942 1622 1021 1700 Quis
1043 1625 1134 1690 enim

164 1709 293 1793 putabit
312 1709 478 1773 hominem
492 1708 703 1774 cultissimum
718 1708 949 1774 Graeculorum
971 1731 1059 1774 serae
1081 1731 1135 1774 ae·
1226 1737 1227 1786 l

164 1793 240 1857 tatis
267 1794 319 1857 vel
345 1793 518 1876 aliquando
545 1792 765 1858 Romanorum
792 1816 882 1859 more
911 1793 962 1881 [cf.
986 1794 1015 1859 d.
1037 1816 1065 1860 r.
1086 1816 1132 1859 m.

164 1877 241 2027 3553
272 1899 392 1943 nomen
425 1900 518 1942 suum
551 1878 766 1944 choriambico
798 1901 948 1944 mensura
980 1879 1133 1944 extulisse

177 1962 219 2027 20
245 2014 254 2047 ,
281 1962 313 2050 3]
320 2015 330 2048 ,
361 1966 418 2028 aut
447 1963 585 2030 nocendi
616 1964 751 2029 verbum
777 1965 918 2029 iunxisse
948 1965 1133 2029 accusativo

177 2048 250 2134 211,
267 2047 308 2136 η,
331 2053 388 2114 aut
408 2049 761 2133 versusAristophanei
781 2050 968 2115 trochaeum
989 2049 1135 2134 priorem

164 2133 302 2199 violasse
331 2157 346 2198 s
370 2134 473 2200 ondeo
503 2134 556 2222 [ib.
578 2133 610 2222 4]
634 2138 667 2199 et
686 2134 774 2199 illius
796 2136 916 2218 pariter
937 2139 1033 2219 atque
1056 2156 1134 2200 ana-

164 2220 307 2284 creontei
359 2223 541 2285 ternantcm
561 2220 676 2285 seriem
691 2219 833 2284 confusis
854 2220 964 2284 metris
985 2219 1135 2284 turbasse

165 2304 248 2369 sicut
275 2305 383 2370 evenit
410 2305 446 2370 in
467 2305 698 2390 epigrammate
713 2305 759 2368 'de
781 2303 992 2388 Borysthene.
1037 2302 1136 2380 Quod

165 2388 314 2473 equidem
340 2393 419 2473 puto
447 2389 661 2473 compositum
689 2390 729 2454 ab
757 2411 811 2473 eo,
840 2390 896 2473 qui
918 2389 1072 2473 Mysiam,
1096 2389 1135 2454 in

165 2495 229 2556 qua
249 2473 450 2538 Hadrianum
471 2473 636 2537 venationi
658 2474 828 2539 indulsisse
850 2474 949 2539 refert
969 2473 1050 2557 Dio,
1073 2496 1135 2558 pu·

164 2560 248 2621 taret
269 2557 440 2640 Moesiam,
463 2578 536 2621 cum
557 2558 665 2640 potius
687 2559 730 2624 sit
750 2559 848 2624 Asiae
869 2559 968 2645 regio

366 2814 412 2890 Π.
457 2816 498 2890 Ρ.
525 2814 681 2889 ANNsV
682 2815 706 2890 S
733 2816 925 2891 FLORVS.

228 2979 389 3045 Dixerunt
411 2981 450 3048 de
463 2981 562 3048 Floro
584 2982 717 3046 Iahnius
739 2986 772 3046 et
786 2982 969 3066 Muellerus,
992 3006 1135 3069 quorum

163 3065 291 3150 utrique
320 3063 450 3130 Ottonis
477 3071 526 3132 est
552 3088 763 3150 praenomen,
791 3068 846 3134 ille
868 3069 903 3133 in
929 3069 1134 3152 praefatione

164 3151 321 3216 librorum
342 3150 488 3215 historici
503 3151 593 3217 Flori
614 3175 636 3236 p
684 3151 897 3218 .XXXVIHI
918 3175 998 3237 sqq,
1020 3153 1073 3219 hic
1098 3155 1134 3220 in

164 3235 386 3301 dissertatione
408 3235 447 3300 de
462 3233 499 3300 P.
514 3236 624 3302 Annio
674 3237 744 3302 loro
765 3241 862 3320 poeta
883 3259 911 3303 a.
930 3239 1012 3304 1855
1032 3237 1135 3304 Bero—

164 3319 225 3382 lini
247 3319 332 3384 edita
352 3341 428 3406 pgg.
451 3320 472 3383 6
494 3341 562 3402 sqq.
1117 3357 1122 3366 ·

227 3402 264 3466 P.
286 3405 414 3468 Annius
441 3402 555 3467 Florus
583 3403 673 3468 cuius
695 3403 928 3470 dissertationis
950 3429 1015 3491 qua
1036 3431 1135 3508 quae-

164 3485 246 3548 ritur
260 3483 424 3570 Vergilius
446 3489 555 3550 utrum
578 3486 757 3551 oratoribus
779 3489 883 3572 magis
904 3512 947 3554 an
968 3498 1074 3576 poet1s
1091 3495 1137 3560 sit

416 3787 718 3842 *A
