2474 3886
444 195 511 247 vm
530 196 663 246 rra-rra
997 195 1039 260 35

133 348 267 432 Integer
282 350 314 411 et
328 346 469 410 lacerum
483 344 584 408 rediet
598 367 657 427 pro
672 345 809 429 pignore
825 367 940 429 corpus

134 432 271 496 Funeris
285 430 437 494 Hectorei
452 429 556 512 pretio
572 429 692 493 maiore
707 429 917 513 redemptum.

135 517 190 580 Me
206 519 354 598 stuprum
368 536 427 598 per
441 512 562 596 templa
576 516 699 596 manet,
715 536 766 578 me
781 516 938 597 pessimus
953 516 1038 580 Aiax

134 599 271 664 innodet
285 602 440 683 pereunte
455 598 566 662 domo:
589 599 653 662 iam
670 598 767 662 Troia
782 603 956 682 crematur,
1102 675 1107 681 Ι

67 699 120 747 145
136 683 199 750 sed
214 684 351 748 flammis
366 705 422 747 rex
437 683 506 766 ipse
521 703 624 764 cares,
640 683 767 766 iamque
782 683 916 748 Hecuba
931 685 1036 767 latrat,

135 771 303 852 Astyanax
317 768 439 833 Danais
454 789 547 831 muro
563 767 701 831 iactatur
716 767 756 832 ab
771 768 847 832 alto.
920 848 922 852 .

137 853 190 918 Sic
205 856 347 937 praestat
361 851 499 916 Bellona
512 873 645 934 nurum,
661 873 760 936 gener
774 853 842 935 ipse
858 852 1016 917 Tonantis

135 937 252 1002 idaeus
267 938 313 1002 sio
328 941 439 1020 pastor
454 936 529 1018 erit,
545 937 712 1020 capiatque
728 937 927 1020 triumphum
1003 975 1006 989 ·

136 1022 199 1088 seo
213 1026 288 1106 post
302 1023 370 1105 ipse
386 1021 486 1084 cadet.
516 1022 625 1084 ueniet
639 1043 714 1086 mox
729 1021 873 1104 Pyrrhus
894 1021 934 1085 ad
949 1043 1038 1086 arma

66 1120 122 1168 150
135 1106 198 1182 Qui
213 1106 337 1171 scindat
350 1127 474 1184 muros,
496 1105 551 1188 qui
569 1105 699 1169 damnet
713 1105 871 1190 Pergama
884 1106 1037 1189 flammis,

137 1191 201 1266 Qui
214 1189 377 1254 Priamum
393 1188 500 1274 gladio
515 1189 644 1253 feruens
660 1191 829 1255 obtruncet
847 1192 888 1254 ad
903 1213 983 1255 aras.

137 1274 200 1340 Sed
215 1274 292 1357 quid
313 1296 398 1338 uana
417 1273 521 1338 oano‘?
544 1274 608 1338 iam
623 1295 776 1339 consocer
797 1297 864 1338 esse
880 1275 1037 1339 Tonantis

135 1359 218 1424 Uult
229 1359 357 1443 genitor
367 1359 568 1441 patriamque
582 1359 701 1441 premit
711 1362 867 1442 natosque
878 1359 1037 1423 nefandus
1047 1375 1077 1427 [r.
1087 1377 1122 1425 111

136 1443 214 1508 Odit
229 1446 261 1507 et
274 1443 524 1506 Andromachen
538 1443 663 1526 quaerit
678 1441 810 1506 uiduare
824 1443 950 1506 marito.

68 1542 120 1590 155
135 1528 244 1592 Troilo
260 1527 336 1611 quid
351 1526 479 1591 cessas?
502 1525 579 1610 quid
593 1528 698 1610 parcis
714 1527 830 1591 fortior
843 1527 989 1592 Hector?

135 1611 205 1677 Uos
219 1615 371 1696 repetunt
385 1614 520 1695 mortes,
536 1612 571 1675 in
585 1633 644 1676 uos
659 1612 745 1676 mala
759 1613 827 1675 fata
841 1612 1004 1696 feruntur,

134 1695 206 1761 Uos
220 1697 303 1780 petit
317 1695 487 1778 Aeacides,
503 1717 634 1759 saeuum
649 1718 709 1760 uos
723 1697 847 1760 fulmen
862 1696 1007 1761 Achilles

134 1784 308 1864 Amputat,
324 1781 469 1845 insontes
483 1801 622 1862 poenam
636 1782 774 1864 raptoris
789 1780 924 1846 habetis.

133 1865 276 1930 Prouida
290 1887 358 1929 non
373 1863 498 1928 credor:
521 1886 580 1928 uos
595 1865 708 1929 saltem
723 1865 844 1950 surgite
860 1866 946 1932 ciues
953 1917 962 1949 ,

67 1965 120 2012 160
135 1949 290 2033 Rumpite
305 1949 490 2032 complexus
505 1970 585 2032 quos
603 1948 682 2014 dant
695 1972 754 2033 per
768 1950 851 2014 oolla
865 1955 1015 2033 parentes

134 2033 282 2098 Infausto
298 2033 424 2116 iuueni,
440 2035 539 2097 muris
555 2032 704 2116 depellite
719 2035 869 2099 fratrem:

134 2118 201 2182 Hic
215 2117 318 2181 hostis
333 2139 428 2201 quem
443 2117 511 2180 fata
526 2120 661 2200 canunt,
678 2119 733 2201 qui
745 2118 902 2182 mortibus
923 2119 1035 2182 urbem

135 2202 299 2286 Congeret
313 2205 345 2265 et
359 2201 521 2265 Priamum
537 2201 634 2264 faciet
647 2223 716 2264 non
730 2223 799 2264 esse
815 2201 984 2283 sepultum.

134 2287 270 2350 Pectore
286 2285 395 2350 Uisseo
411 2286 556 2368 rapiatur
569 2285 687 2369 pignus
703 2286 853 2349 acerbum

68 2385 118 2432 165
132 2371 356 2454 Macteturque
371 2370 463 2435 nefas
478 2373 510 2434 et
524 2369 682 2454 Pergama
696 2373 808 2434 nostra
820 2369 952 2452 pientur
957 2418 979 2452 ‚.

133 2455 285 2520 Placetur
298 2455 397 2537 Iuno,
412 2455 557 2538 placetur
571 2455 622 2518 uir
645 2476 664 2518 o
680 2453 842 2537 Minerua,

134 2539 290 2622 Sacrilegi
305 2539 343 2603 de
358 2541 461 2602 morte
475 2539 586 2603 louem
602 2475 726 2622 placate
740 2542 908 2604 tonantem

134 2622 235 2688 Unius
251 2626 449 2706 postponens
465 2622 605 2688 Uulcani
619 2623 730 2688 laudat
744 2645 895 2688 amorem.

133 2707 277 2772 Urbibus
291 2708 326 2770 in
341 2707 452 2771 multis
461 2721 535 2772 ‘mos
551 2711 599 2771 est
612 2707 731 2771 donare
747 2708 883 2771 salutem

67 2805 118 2853 170
132 2789 295 2856 Mortibus
311 2791 493 2872 insontum5
508 2792 562 2855 sed
577 2813 636 2856 uos
650 2794 787 2855 mactate
802 2796 973 2856 nocentem

133 2874 181 2939 Ut
195 2876 292 2940 liceat
306 2897 433 2940 seruare
448 2876 529 2958 pios.
557 2897 674 2960 augere
690 2875 816 2940 dolores

132 2959 181 3024 Ut
195 2959 317 3024 releuet
331 2959 490 3024 medicina
505 2959 587 3024 solet
600 2960 815 3044 membrisque
830 2960 966 3025 salutem

139 3149 183 3197 141
205 3148 307 3196 retinet
324 3165 393 3198 corr.
413 3149 508 3200 Bacch.
527 3165 558 3197 m,
576 3149 616 3198 rb.
670 3149 719 3198 145
738 3149 826 3199 ecuba
875 3153 923 3202 146
941 3151 1033 3200 Astia-

61 3232 122 3267 nax
194 3217 243 3264 147
261 3219 386 3278 perestat
403 3231 473 3266 corr.
495 3215 542 3264 IM
611 3217 659 3266 148
677 3219 748 3266 malis
765 3218 909 3282 rapietque
984 3217 1032 3266 152

61 3285 113 3348 qni
132 3298 202 3334 corr.
222 3281 290 3346 11111
307 3288 381 3332 esset
398 3299 466 3334 corr.
485 3283 536 3332 IM
602 3286 650 3334 153
669 3282 748 3334 Uulti
813 3286 861 3334 154
880 3284 944 3335 Obit
962 3301 1031 3334 corr.

59 3351 116 3401 IM
181 3351 230 3399 162
247 3353 376 3414 suppleuit
393 3351 490 3404 Bacch.
508 3367 538 3400 m.
557 3352 596 3400 rb.
660 3351 708 3400 166
732 3351 856 3402 Placitur
873 3354 942 3403 Iuno
965 3368 1033 3404 corr.

58 3419 115 3468 IM
203 3420 252 3468 167
278 3417 387 3482 placete
410 3433 478 3468 corr.
501 3419 599 3468 Baeelz.
687 3419 735 3468 169
760 3420 862 3470 donare
887 3427 1033 3485 corruptam

57 3488 169 3537 uidetur
241 3487 288 3535 lta
307 3489 417 3536 resecet
435 3501 504 3537 eorr.
522 3487 617 3538 Boset.
637 3505 668 3538 m.
687 3486 728 3537 rt.

794 3543 841 3620 ar
