2468 3888
183 197 205 260 2
400 245 401 249 ,
566 201 775 256 NAMATIANI

230 363 364 430 Securos
385 365 488 429 levius
510 365 631 429 crimen
653 369 857 430 contemnere
880 366 977 430 cives:

270 448 434 514 Privatam
456 452 607 534 repetunt
626 450 757 534 publica
777 450 893 514 damna
913 450 1018 514 fidem.

187 534 421 599 25Pracsentes
442 535 589 599 lacrimas
613 535 706 599 tectis
729 534 878 599 debemus
900 535 1008 600 avitis:

267 618 404 684 Prodest
425 619 607 683 admonitus
629 641 723 702 saepe
746 619 855 685 dolore
876 620 977 685 lavor.

107 719 109 723 ’
226 704 295 770 Nee
316 703 366 768 fas
388 705 521 768 ulterius
543 704 657 789 longas
679 705 801 773 nescire
822 704 946 788 ruinas,

269 787 354 864 Quas
375 811 466 855 mora
488 810 658 872 suspensae
680 788 906 872 multiplicavit
929 790 1007 872 opis

224 872 294 938 Iam
314 877 441 958 tempus
463 873 577 937 laceris
599 877 674 956 post
695 895 790 938 saeva
810 873 958 938 incendia
979 873 1095 940 fundis

182 973 216 1020 30
269 957 331 1024 Vel
355 959 531 1041 pastorales
554 957 719 1022 aedificare
742 980 840 1022 11111.

225 1043 292 1126 Ipsi
314 1043 393 1127 quin
415 1043 513 1107 etiam
533 1043 641 1107 fontes
663 1043 690 1107 si
711 1044 839 1108 mittere
861 1065 986 1126 vocem,

266 1128 402 1210 Ipsaque
424 1128 452 1191 si
473 1131 605 1211 possent
625 1128 739 1192 arbuta
759 1131 870 1192 nostra
891 1128 996 1213 loqui:

227 1212 413 1278 (lassantem
434 1213 526 1278 iustis
548 1215 699 1297 poterant
720 1232 834 1297 urgere
857 1213 1007 1296 querelis,

266 1297 310 1362 Et
332 1297 495 1362 desideriis
518 1297 632 1362 addere
654 1297 726 1361 vela
746 1297 835 1362 meis.

182 1383 360 1447 salamiam
381 1383 490 1448 lassati
513 1404 603 1448 carae
625 1382 844 1465 complexibus
866 1383 953 1447 urbis

265 1467 450 1550 Vincimur,
474 1471 506 1532 et
527 1489 633 1532 serum
655 1467 709 1532 vix
731 1467 904 1532 toleramus
925 1467 994 1532 iter.

222 1553 370 1617 Electum
391 1553 540 1637 pelagus:
561 1552 716 1635 quoniam
736 1555 865 1616 terrena
886 1551 1010 1616 viarum

265 1637 368 1700 Plana
388 1635 519 1700 madent
540 1636 663 1720 fluviis,
686 1637 832 1700 cautibus
854 1636 920 1700 ulta
960 1637 966 1648 '
993 1641 1057 1701 ent.

222 1721 398 1804 Postquam
411 1720 533 1784 luscus
553 1741 630 1806 ager
641 1725 875 1806 postquamque
887 1723 973 1785 Aure
991 1722 1160 1808 ’11118911-

180 1818 214 1866 4ο
267 1804 440 1889 Perpessus
463 1805 590 1870 Geticas
613 1828 688 1871 ense
710 1806 762 1870 vel
783 1805 859 1892 igne
880 1827 994 1870 manus

221 1889 254 1955 N
256 1913 299 1956 on
314 1890 409 1954 silvas
425 1889 587 1973 domibus,
610 1913 678 1956 non
699 1891 833 1955 flumina
846 1894 945 1975 ponte
968 1891 1136 1957 cohercet:

264 1975 391 2040 Incerto
415 1976 515 2040 satius
538 1975 663 2040 credere
685 1976 757 2041 vela
778 1977 868 2040 mari.

223 2059 344 2126 Crebra
365 2061 583 2145 relinquendis
605 2061 769 2146 infigimus
793 2062 901 2125 oscula
922 2061 1040 2144 portis:

264 2146 365 2211 Inviti
387 2150 540 2230 superant
560 2146 674 2210 limina
695 2165 784 2209 sacra
804 2145 910 2228 pedes.

179 2243 212 2291 45
225 2229 362 2297 Oramus
384 2233 512 2296 veniam
533 2231 673 2296 lacrimis
696 2234 728 2294 et
748 2229 841 2294 laude
863 2231 1007 2312 litamus,

263 2316 303 2381 In
325 2321 481 2400 quantum
502 2317 596 2380 fletus
619 2337 744 2380 currere
766 2316 864 2379 verba
885 2316 972 2379 sinit.

220 2400 362 2484 Exaudi,
384 2402 497 2484 regina
517 2402 566 2464 tui
587 2400 802 2484 pulcherrima
823 2399 950 2482 mundi,

261 2485 351 2549 Inter
372 2484 511 2548 sidereos
533 2484 637 2550 Roma
658 2488 786 2568 recepta
806 2484 914 2568 polos3

219 2567 361 2652 Exaudi,
391 2569 537 2652 genetrix
559 2570 740 2652 hominum,
770 2570 978 2653 genetrixque
1001 2568 1155 2636 deorum.

178 2666 212 2714 50
264 2652 342 2718 Non
364 2654 477 2735 procul
499 2676 518 2718 1
540 2655 629 2719 11111
650 2676 709 2737 per
729 2659 786 2717 tua
806 2653 928 2738 templa
948 2675 1068 2719 sumus.

219 2737 264 2800 Te
281 2736 424 2801 canimus
439 2760 625 2824 semperque
632 2773 643 2824 ,¹
662 2740 770 2804 sinent
784 2739 860 2802 dum
873 2739 956 2822 fata,
980 2761 1156 2806 canemus:

262 2819 378 2906 Sospes
399 2845 494 2889 nemo
517 2828 623 2909 potest
645 2825 813 2888 immemor
835 2845 902 2888 esse
923 2824 981 2888 tui.

220 2904 396 2972 Obruerint
417 2909 512 2974 citius
534 2911 687 2975 scelerata
709 2909 829 2974 oblivia
850 2909 965 2992 solem,

262 2989 364 3066 Quam
387 2995 462 3057 tuus
485 3015 523 3058 ex
545 2997 657 3060 nostro
680 2993 774 3058 eorde
796 2993 924 3058 recedat
944 2994 1059 3058 honos.

178 3090 210 3138 55
223 3075 309 3141 Nam
331 3076 407 3140 solis
429 3077 526 3142 radiis
548 3078 694 3163 aequalia
715 3100 849 3143 munera
870 3077 992 3162 tendis,

261 3159 331 3237 Qua
353 3161 563 3228 circumfusus
585 3165 719 3226 fluctuat
741 3161 897 3228 Oceanus.

219 3246 372 3310 Volvitur
393 3247 461 3328 ipre
482 3247 557 3329 tibi,
580 3247 636 3330 qui
659 3245 803 3311 continet
825 3247 949 3330 omnia,
977 3247 1156 3332 Phoebus,

259 3329 351 3412 Eque
373 3330 437 3392 tuis
460 3332 548 3391 ortos
570 3331 605 3392 in
626 3334 683 3392 tua
704 3330 814 3394 condit
835 3353 944 3414 equos.

97 3475 100 3482 ,
218 3409 263 3474 Τ1
285 3433 354 3475 non
374 3411 580 3492 flammigeris
602 3411 703 3492 Libye
723 3413 863 3477 tardavit
884 3415 1026 3498 harenis,

176 3506 210 3552 eu
265 3491 343 3556 Non
365 3498 488 3560 armata
511 3513 568 3554 suo
591 3494 732 3574 reppulit
752 3494 836 3558 Vrsa
857 3499 947 3580 gelu:

357 3805 665 3856 A-
