2474 3886
157 223 199 285 30
498 223 789 274 EPITHALAMIUM

221 375 267 436 At
281 373 412 437 uolueer
426 371 562 437 Ueneris
577 371 717 436 uolitans
733 395 828 456 super
842 393 983 456 aequora
998 374 1110 457 pinnis
1226 417 1227 438 2

159 471 207 518 156
222 457 290 521 Iam
306 477 460 541 spargens
471 458 530 521 sub
544 457 657 520 fraude
666 479 754 521 rosas
769 462 878 521 tamen
892 459 968 541 igne
983 460 1120 542 sagittas
1225 451 1227 474 ⁴

222 541 355 606 Mandat
369 541 409 606 ad
423 563 599 626 aequoreos
614 541 747 606 comites
763 545 795 605 et
809 541 928 626 frigida
941 543 1034 625 ponti

177 653 179 658 ¹
221 627 529 709 Aequoraflammat
539 630 641 708 atrox,
649 626 807 690 elementa
818 629 854 690 ut
865 627 1124 691 uotaeelebrent.

221 709 310 775 Haeo
325 711 442 774 dixisse
457 715 507 774 sat
521 714 584 775 est:
600 711 655 773 sed
670 711 725 793 qui
740 710 835 775 modo
850 711 920 773 iure
934 714 1088 794 tacemus,

224 793 341 859 Omnia
355 795 522 859 reddemus
537 795 730 878 quandoque
745 795 917 877 nepotibus
932 794 1034 858 almis.

503 882 582 964 Exp.
597 880 846 964 Epithalamium

580 969 709 1035 IoannIs
728 971 762 1034 et

602 1057 741 1143 Uitulae.

72 1328 103 1382 o·
117 1333 148 1384 su
326 1313 413 1381 VIII.
446 1315 612 1382 Dracontii
626 1331 704 1397 opus
719 1313 757 1380 de
770 1316 867 1396 raptu
880 1313 1025 1379 Helenae.

224 1467 359 1533 Troiani
372 1469 543 1553 praedonis
558 1471 620 1533 iter
634 1473 824 1552 raptumque
839 1467 1005 1532 Lacaenae

223 1551 269 1617 Et
282 1554 443 1636 pastorale
457 1553 604 1616 scelerati
618 1554 758 1636 pectoris
774 1574 889 1616 ausum

224 1637 405 1720 Aggredior
418 1636 551 1700 meliore
566 1639 628 1700 uia.
658 1659 734 1700 nam
749 1637 913 1720 prodImus
928 1637 1055 1700 hostem

224 1719 371 1804 Hospitis
386 1726 420 1786 et
432 1720 567 1785 thalami
582 1721 792 1804 populantem
807 1722 878 1784 iura
892 1721 1001 1784 mariti

196 1817 211 1864 5
227 1804 370 1870 Foedera
385 1805 527 1890 coniugii
542 1806 705 1871 consortia
719 1804 836 1869 blanda
851 1804 983 1888 pudoris

225 1888 393 1954 Materiem
408 1891 534 1974 generis
549 1890 670 1972 sobolis
685 1911 774 1972 spem
788 1890 926 1974 pignora
940 1888 1057 1971 prolis:

225 1972 311 2038 Nam
326 1978 432 2038 totum
447 1973 485 2038 de
500 1978 603 2038 matre
618 1975 717 2057 uenit,
733 1975 772 2038 de
787 1978 890 2038 matre
905 1977 1031 2037 creatur

227 2056 297 2133 Quo
312 2059 509 2122 membratur
524 2062 631 2141 homo,
642 2062 734 2142 pater
743 2061 792 2122 eat
806 2059 880 2122 fons
897 2061 1009 2121 auotor
1023 2057 1132 2143 origo,

226 2141 289 2208 Sed
297 2144 386 2208 nihil
401 2147 449 2208 est
462 2146 530 2209 siae
544 2148 646 2208 matre
661 2146 760 2226 pater.
788 2146 888 2226 quota
901 2142 1007 2226 portio
1023 2144 1131 2224 patris

177 2238 209 2287 10
227 2226 340 2294 Omnis
355 2233 481 2294 constet
496 2229 611 2293 homo:
626 2232 728 2292 mater
741 2229 780 2292 fit
793 2232 863 2292 tota
877 2248 936 2310 pro
961 2246 1031 2310 ago,

225 2313 314 2398 Ergo
329 2315 420 2378 nefas
436 2313 560 2378 Paridis
575 2314 662 2396 quod
677 2316 787 2395 raptor
801 2312 902 2396 gessit
916 2249 1041 2374 adulter

226 2396 272 2461 Ut
285 2400 429 2462 monitus
443 2417 573 2461 namara
589 2417 718 2480 queam,
733 2401 769 2460 tu
784 2395 914 2480 grandis
929 2394 1069 2458 Homero

226 2481 340 2543 Mollia
354 2480 529 2543 blandifluo
546 2479 702 2544 defundes
717 2481 816 2544 uerba
830 2481 950 2564 palato.

226 2563 377 2646 Quisquis
392 2564 426 2628 in
441 2564 550 2628 Aonio
566 2563 729 2629 deseendit
743 2565 834 2629 fonte
849 2569 946 2648 poeta

93 2652 103 2663 “
178 2657 210 2705 15
229 2646 274 2710 'Pe
289 2669 409 2711 numen
424 2648 496 2712 uult
511 2669 579 2712 esse
594 2671 702 2732 suum,
718 2670 777 2713 nee
793 2649 863 2714 dieo
880 2647 1039 2712 Camenae

226 2730 271 2794 're
287 2735 455 2814 praesente
477 2733 598 2797 ‘ueni’.
628 2737 678 2798 sat
693 2733 754 2798 erIt
768 2733 848 2797 mihi
863 2752 975 2796 sensus
990 2729 1129 2794 Homeri

141 2865 142 2868 ,
228 2813 290 2890 Qui
304 2819 379 2898 post
393 2814 461 2880 fata
475 2817 574 2901 uiget,
590 2818 646 2900 qui
661 2818 752 2882 duxit
767 2819 808 2881 ad
823 2839 911 2881 arma
925 2816 1079 2899 Pelasgos

231 2975 351 3019 secuntur
376 2985 472 3021 uacuae
497 2973 609 3035 popinae
632 2973 755 3037 quinque,
783 2973 875 3022 deinde
896 2977 988 3035 raptae
1011 2969 1134 3038 Helenae

160 3052 190 3100 p.
210 3038 319 3088 37-64
336 3040 387 3089 alio
409 3053 441 3088 aa
463 3043 542 3103 napta
564 3040 637 3102 nipro
660 3046 801 3089 atramento
824 3040 930 3089 oleariae
951 3040 1031 3088 minus
1053 3037 1136 3088 albae

162 3105 301 3169 inscriptae
318 3106 366 3155 sed
382 3107 470 3156 eadem
487 3112 514 3155 ut
531 3106 633 3155 uidetur
650 3123 723 3154 niano
791 3107 889 3157 Liceris
906 3105 923 3154 I
929 3105 960 3155 M
976 3121 1021 3154 eae
1039 3109 1136 3155 notaui

163 3174 323 3222 coniecturae
344 3175 409 3222 seila
432 3175 523 3240 alonae
546 3188 609 3238 quas
630 3173 759 3222 adhibitae
776 3174 847 3224 uider
864 3177 890 3224 in
908 3174 1019 3222 editione
1036 3181 1139 3236 raptae

164 3239 280 3291 Helenae
292 3239 406 3290 Romana
423 3255 507 3290 omnes
522 3241 580 3302 sere
593 3240 778 3303 lamentariae,
797 3242 834 3291 eie
851 3257 913 3291 aero
925 3255 990 3304 quaa
1007 3241 1034 3289 in
1051 3243 1140 3292 rainer·

162 3306 271 3356 rhenani
286 3310 409 3358 uolumine
427 3305 533 3356 XXVII
550 3324 576 3370 p.
593 3309 643 3358 477
662 3308 805 3357 Buecheler
826 3311 962 3372 proposuit
979 3308 1141 3358 lectionibne

163 3373 253 3422 literae
270 3376 355 3426 adieci
370 3392 402 3428 m.
414 3375 453 3423 rll.
524 3375 572 3423 158
592 3387 662 3436 quae
680 3376 813 3438 proposuit
832 3375 927 3424 Baech.
998 3377 1011 3423 1
1030 3373 1142 3425 luceae

95 3493 110 3502 ἡ
198 3439 311 3501 8Quod
386 3444 417 3492 12
439 3446 467 3491 te
491 3454 558 3489 corr.
578 3439 633 3488 IM
704 3442 736 3490 13
759 3440 874 3492 delimas
896 3442 969 3490 cedet
992 3441 1144 3494 dolandas

164 3507 265 3556 inuento
283 3511 383 3559 mellori

523 3765 680 3832 A*
