2474 3886
217 191 261 256 54
564 187 839 242 permansurus

220 430 267 495 At
275 424 565 511 moneodanum
573 440 674 492 meum
683 423 808 527 leniam,
818 420 1187 526 percussorsmPatrccli

323 515 503 582 osnibuset
515 512 701 582 uolneribus
715 533 744 579 sc
757 511 872 580 delam
885 508 1080 579 lanuuium.

137 642 208 742 iiii
285 669 483 736 Hectoreum
497 667 525 732 si
538 669 623 732 forte
638 687 732 732 canes
747 665 869 732 laniare
884 665 1020 734 cadauer

282 755 299 818 I
323 775 465 838 separas
480 752 664 835 crimenque
679 754 788 835 putas,
804 750 866 816 hoc
881 748 998 816 Medus
1009 748 1186 816 honestum

235 851 268 900 80
310 837 394 902 redit
409 841 441 902 et
455 836 495 900 ad
509 835 623 900 Persas
637 835 744 900 honor
758 838 807 898 est
821 835 848 898 si
863 835 1008 900 membra
1021 834 1172 899 uolucres

282 911 442 1004 Eripiant.
466 924 499 985 et
512 920 603 985 nulla
616 920 709 984 debir
722 919 799 983 lio‘st
815 918 939 984 ossibus
954 939 1044 1001 urna,

282 1005 395 1070 Multis
411 1005 555 1070 membra
568 1008 679 1069 tamen
693 1001 873 1070 condentur
886 1005 979 1085 rapta
993 1002 1163 1085 sepulcris.

284 1089 408 1172 Corpus
423 1089 552 1154 flamma
567 1109 710 1152 cremans
723 1087 870 1170 absumit,
882 1086 1025 1152 membra
1035 1091 1185 1152 uoruutes

281 1173 355 1239 Hoc
366 1173 454 1239 oanis
465 1172 528 1238 hoc
539 1172 686 1238 uolucres
697 1172 976 1254 faciunt,uixossa
985 1169 1184 1254 relinquunt,

234 1271 267 1319 85
281 1257 326 1323 Ht
340 1279 438 1344 rogus
454 1278 526 1322 ossa
540 1257 634 1340 rapit.
657 1256 769 1321 forsan
783 1254 963 1320 seruabitur
977 1253 1099 1320 Hector

283 1341 330 1406 Ut
344 1342 527 1406 madefacta
539 1341 657 1408 cadant
671 1340 866 1406 siccantibus
882 1359 954 1404 ossa
967 1337 1117 1404 medullis

281 1426 327 1491 Et
340 1427 440 1511 longa
453 1425 512 1490 sub
527 1426 601 1490 tabe
616 1425 726 1490 fluant.
748 1424 811 1488 boc
826 1425 943 1488 cuncta
956 1422 1102 1506 sepulcra

281 1510 452 1578 Exercent.
478 1513 590 1574 tamen
604 1508 751 1574 intererit
766 1508 852 1592 quod
866 1508 975 1572 clausa
989 1506 1129 1572 tenebris

133 1603 164 1653 ir·
178 1603 212 1652 6⁹]
283 1593 475 1658 Putrescant
488 1594 635 1676 tumulis,
651 1598 686 1657 at
699 1593 752 1660 hic
767 1593 826 1656 sub
842 1592 913 1658 luce
928 1591 1114 1656 madescant

234 1691 267 1739 90
280 1679 504 1762 Aspcctusque
517 1681 592 1742 tuos
606 1677 772 1744 funesteut
787 1698 860 1741 ossa
874 1676 997 1742 diurnis

284 1755 424 1828 Uisibus.
438 1761 663 1828 Andromache
674 1761 834 1828 tumulum
845 1760 907 1826 sibi
920 1761 1040 1826 fonuet
1051 1761 1183 1826 inanem

206 1897 208 1900 .
283 1845 327 1911 Et
342 1867 471 1912 oausam
485 1845 624 1912 lacrimis
639 1845 737 1912 faciet
751 1868 848 1930 quam
863 1844 1001 1929 denegat
1014 1844 1127 1912 hostis.

283 1929 328 1993 Te
343 1933 462 2013 tamen,
476 1929 593 1994 Iliacae
608 1932 781 2014 populator
795 1930 911 2015 gentis,
927 1927 1086 1993 Achillem

284 2012 441 2099 Sacrilegi
454 2015 517 2078 iam
531 2037 638 2098 poena
652 2019 770 2098 manet,
786 2015 842 2098 qui
856 2014 933 2080 uiua
946 2012 1120 2098 peremptis

234 2111 266 2160 95
282 2095 440 2164 Funestas
453 2097 612 2166 elementa
625 2099 715 2164 uiris.
737 2097 952 2182 corrumpitur
966 2119 1021 2166 aer

283 2182 452 2267 Mortibus,
468 2183 553 2250 unde
569 2185 656 2248 caret
669 2184 764 2248 tellus
779 2182 933 2248 uitalibus
948 2183 1050 2262 auris,

282 2266 360 2333 Non
398 2291 475 2332 urus
490 2269 548 2331 sub
564 2270 631 2333 sole
647 2267 723 2350 dies,
739 2289 807 2334 non
822 2266 926 2332 sidera
939 2266 1043 2331 noctis

282 2291 456 2436 Impelluta
471 2352 606 2435 micant,
621 2353 789 2418 fuscantur
803 2373 924 2434 cornua
938 2351 1047 2433 lunae„

282 2434 435 2500 Sordibus
451 2439 483 2499 et
496 2438 601 2500 totum
617 2435 698 2499 caeli
712 2457 787 2502 mox
801 2436 904 2502 inficit
920 2436 1039 2499 orbem.

221 2532 269 2579 100
283 2517 315 2582 N
317 2540 360 2583 on
375 2517 525 2584 Phoebus
538 2518 661 2584 Danais
676 2521 824 2603 morbos,
836 2542 904 2587 non
918 2519 1016 2584 Troia
1030 2517 1173 2606 Pelasgis

282 2601 387 2666 infert
402 2606 458 2667 aut
473 2606 584 2668 natam
598 2607 746 2686 repetens
760 2626 818 2688 per
833 2608 938 2670 castra
951 2603 1098 2668 sacerdos

284 2684 421 2770 Chryses
436 2687 642 2770 Apollineus:
657 2687 734 2754 hinc
749 2692 825 2756 sunt
839 2689 915 2754 hinc
930 2687 1045 2752 funera
1060 2691 1182 2754 maesta

282 2767 435 2836 Fortibus
451 2775 483 2835 et
496 2771 617 2835 bellum
632 2773 755 2856 geritur
769 2794 841 2837 cum
857 2776 960 2836 morte
975 2775 1120 2837 cruenta.

281 2851 404 2918 Hector
417 2855 453 2918 in
466 2855 559 2920 hoste
573 2855 637 2919 fuit
652 2877 765 2920 saeuus
780 2878 853 2920 cum
868 2858 936 2920 uita
950 2860 1105 2938 maneret,

303 3001 335 3051 81
360 3000 428 3052 nulli
450 3018 519 3052 corr.
539 2977 652 3053 Burei..
713 3005 746 3054 82
769 2999 923 3068 sepulchris
1000 3005 1033 3053 83
1055 3007 1183 3068 suppleuit

218 3064 315 3117 Boset.
386 3069 419 3118 86
437 3067 507 3119 msle
527 3069 606 3119 facta
624 3085 690 3120 corr.
709 3067 827 3134 Bueclr.{
847 3067 1017 3122 siccantibus
1035 3086 1183 3137 quamquam

217 3135 331 3200 permira
354 3136 447 3185 dictum
470 3142 509 3185 est
530 3142 613 3186 tamen
637 3139 722 3188 nescio
746 3154 801 3188 num
819 3137 978 3188 scribendum
994 3140 1030 3187 sit
1048 3138 1165 3188 siccatis

219 3201 338 3317 pratulis
367 3217 402 3252 erc
430 3203 557 3254 medullis
586 3221 680 3255 rasura
769 3206 803 3255 87
833 3204 981 3270 sepulchra
1063 3205 1097 3256 89
1128 3221 1182 3256 ma·

218 3274 335 3388 aar
352 3270 581 3403 “ttri'itlta
598 3274 962 3404 ,bustuarias
979 3269 1183 3394 millii*

219 3401 282 3519 gree
335 3407 367 3458 99
383 3407 447 3468 sort.
465 3419 537 3456 mors
591 3407 638 3455 101
658 3407 765 3458 inseret
782 3406 959 3459 coruBuect.
975 3402 981 3470 Ι
996 3411 1082 3458 nauta
1138 3410 1183 3458 los

243 3485 320 3535 ryses
931 3493 933 3502 ⁴
