2468 3888
168 209 211 273 34
419 212 607 271 APVLEIVS.
630 212 829 270 ANNIANVS.

199 376 288 460 aqui
308 377 418 461 pinnis
441 376 580 441 volitans
602 396 698 459 super
719 374 849 440 aetlrera
871 379 986 440 cuneta
1006 376 1139 461 fatigat,

273 461 465 546 flammaque
487 464 520 525 εὴ
540 461 626 526 ferro
649 460 778 546 singula
799 459 959 545 debilitat,

232 567 296 630 quo
311 546 421 611 tremit
439 545 623 630 ipse'Iovis,
647 567 711 630 quo
732 546 867 611 numina
887 545 1114 629 terrificantur,

274 631 412 696 fulmina
434 652 529 714 quem
554 631 745 696 horrescunt
766 634 799 695 et
820 627 950 727 Stygiae
971 631 1137 696 tenebrae.

230 716 328 800 Apul.
356 714 486 781 Metam.
515 735 568 801 pg.
590 717 648 781 301
676 713 773 780 Ouo:
802 715 857 780 sed
884 715 1138 780 mfortunatissi-

167 822 238 865 mae
267 801 352 866 filiae
380 800 577 865 miserrimus
605 802 698 884 pater
725 822 777 864 sus
801 799 913 864 eotatis
945 800 1138 866 caelestibus

170 885 251 950 odiis
292 888 307 951 t
328 887 394 950 irae
416 906 567 968 superum
594 889 740 950 metuens
768 821 820 949 ‹lei
846 883 965 949 Milesii
986 886 1138 950 vetustis-

171 971 287 1034 simum
301 974 508 1054 percontatur
522 969 687 1035 oraculum
703 974 735 1034 et
756 991 776 1032 a
795 972 887 1034 tanto
909 969 1042 1034 numine
1063 993 1139 1055 pre·

168 1055 257 1120 cibus
285 1058 319 1118 et
344 1055 483 1119 victimis
509 1055 656 1140 ingratae
683 1054 804 1140 virgini
856 1053 915 1119 etit
940 1053 1070 1138 nuptias

167 1140 334 1222 maritum,
362 1139 417 1204 sed
444 1139 564 1224 Apollo
593 1161 787 1224 quamquam
845 1160 955 1204 raeous
988 1143 1021 1204 εὴ
1047 1140 1138 1204 Ioni-

167 1245 223 1290 cus
272 1228 383 1308 ropter
409 1223 514 1290 Mileti
541 1225 741 1291 conditorem
768 1224 813 1288 sio
835 1223 952 1288 Latina
978 1227 1065 1289 sorte
1086 1247 1138 1290 re-

167 1331 249 1374 son
274 1309 306 1374 't

181 1331 204 1393 p
232 1394 273 1460 V.
292 1395 308 1458 1
332 1397 386 1459 ‘tu
407 1394 502 1459 siste'
524 1392 667 1477 Iahnius,
691 1394 787 1458 ‘iste’
811 1415 884 1458 oum
898 1415 958 1458 ras.
973 1395 1051 1458 ml
1074 1394 1138 1478 od.,

167 1503 209 1544 m.
232 1480 253 1545 2
275 1479 458 1544 ‘subsiste'.
482 1517 521 1527 -
543 1479 587 1544 ib.
611 1480 629 1544 7
654 1484 752 1563 ‘quo'
776 1477 871 1561 dooti,
896 1478 1015 1562 ‘quod’
1037 1500 1067 1541 v.
1093 1517 1138 1526 -

166 1564 216 1629 De
236 1563 343 1629 forma
365 1564 485 1628 ‘Iovis’
507 1563 645 1629 videnda
659 1586 740 1648 quae
756 1563 893 1628 diximus
914 1564 950 1628 in
971 1563 1054 1627 libro
1075 1585 1139 1628 no-

166 1652 234 1713 stro
255 1669 309 1733 pg.
328 1649 399 1794 379.
428 1685 470 1695 -
491 1648 571 1712 ib.8
594 1648 749 1712 ‘fulmina
776 1655 889 1732 quem’
913 1669 989 1734 ego,
1012 1647 1139 1713 ‘flumi-

166 1738 289 1816 naque'
312 1753 360 1795 o.

457 1988 538 2063 ΠΠ.
582 1989 843 2065 ANNIANVS.

230 2156 279 2221 De
300 2156 453 2221 Anniano
482 2159 514 2221 εὴ
541 2154 697 2240 Septimio
726 2159 854 2240 praeter
875 2156 1031 2240 plurimos
1053 2157 1142 2222 alios

168 2241 276 2306 dixero
298 2239 537 2306 Wernsdorfius
558 2242 594 2305 in
616 2242 771 2325 epimetro
793 2263 825 2324 p.
847 2239 884 2306 L.
906 2263 949 2305 m.
996 2239 1058 2305 ,Π
1071 2264 1140 2340 ,ρα-

165 2327 251 2412 ginis
273 2325 337 2391 282
359 2347 427 2410 sqq.
450 2329 483 2390 et
504 2324 676 2391 Santonius
704 2325 745 2390 ad
766 2324 953 2390 Terentiam
1010 2347 1081 2390 aun
1106 2351 1139 2392 v.
1231 2367 1232 2370 ,

168 2412 259 2476 1816.
303 2409 440 2476 Meliora
459 2410 557 2496 longe
579 2411 669 2496 (nam
688 2410 724 2476 hi
745 2413 782 2474 ut
802 2431 879 2475 vera
922 2411 1019 2476 assim
1040 2410 1137 2477 falsis

166 2495 424 2561 contaminarent
445 2515 483 2558 ea
504 2515 538 2558 re
560 2499 636 2560 sunt
657 2495 781 2560 inducti
803 2433 1141 2578 quodllerenrianum

165 2582 322 2664 putarunt
343 2578 427 2643 eirea
447 2579 545 2642 finem
566 2600 647 2644 saec.
667 2604 699 2665 p.
716 2578 791 2646 chr.
806 2602 839 2644 n.
854 2580 951 2664 primi
972 2580 1140 2668 floruisse)

163 2664 301 2748 protulit
327 2661 553 2728 Laohmannns
580 2664 615 2728 in
642 2665 842 2750 praefatione
869 2663 983 2730 Mauri.
1034 2664 1142 2731 Deni—

166 2769 228 2832 que
251 2747 289 2812 de
304 2751 441 2845 utroque
463 2752 560 2832 poeta
576 2747 714 2815 diximus
735 2750 810 2815 libri
831 2749 935 2815 nostri
955 2771 1032 2898 pqg.
1048 2750 1142 2814 96-

167 2832 217 2898 98.
247 2831 298 2897 lbi
313 2835 410 2898 etiam
425 2834 603 2900 carminum
617 2833 730 2901 Sereni
768 2835 912 2900 otissima
933 2835 984 2899 ool
998 2835 1140 2920 egimus.

228 2914 278 2982 De
293 2917 447 2984 Anniano
470 2923 581 2985 extant
593 2921 672 2985 Auli
692 2920 753 2986 Gel
769 2921 799 3003 ’‘,
822 2920 912 2984 ouius
933 2918 998 2984 fuit
1018 2941 1141 3004 aequa-

165 3004 220 3085 lis,
241 3001 428 3067 testimonia
448 3003 469 3067 l.
492 3003 540 3070 VI
562 3025 587 3070 o.
611 3005 640 3089 7,
663 3003 760 3070 VHH
783 3006 832 3090 10,
855 3003 917 3069 XX
939 3004 968 3069 8.
1008 3003 1140 3070 Eorum

165 3087 343 3153 adscribam
364 3087 466 3152 initia.

229 3171 401 3238 Annianus
422 3176 519 3256 poeta
538 3177 665 3258 praeter
685 3173 809 3259 ingenii
830 3172 1041 3239 amoenitates
1062 3173 1142 3240 lite·
1228 3157 1229 3174 ¹

165 3279 273 3322 rarum
287 3278 414 3342 quoque
431 3261 575 3321 veterum
596 3258 812 3323 strutionum
833 3259 869 3323 in
889 3258 991 3324 literis
1013 3257 1142 3342 oppido

166 3362 262 3421 quam
289 3342 411 3425 peritus
437 3341 501 3404 fuit
529 3346 562 3405 et
587 3342 860 3407 sermocinabatur
885 3343 968 3408 mira
995 3341 1142 3428 quadum
1227 3413 1228 3434 ἶ

164 3425 198 3486 εὴ
219 3424 299 3486 soita
319 3426 485 3490 suavitate.

227 3505 399 3572 Annianus
421 3511 518 3592 poeta
531 3508 565 3568 εὴ
583 3505 727 3589 plerique
750 3529 822 3571 oum
845 3531 882 3574 eo
905 3512 1048 3578 eiusdem
1062 3511 1144 3578 Mu-

412 3774 732 3858 ΛΑ
