2474 3886
508 242 531 290 x
551 243 685 294 eac—ras
1037 239 1079 305 73

178 391 229 455 Ao
243 392 478 453 nocturnorum
491 388 610 472 triplex
625 389 739 473 regina
755 390 904 472 polorum

177 475 287 556 Atque
303 473 508 537 tenebrarum
523 473 694 556 splendens
708 478 846 570 patrona
861 495 1021 558 mearum,

109 571 163 630 400
177 557 238 622 Cui
253 577 366 622 cancer
380 556 494 622 domus
509 563 554 622 est
568 579 625 622 ora
639 557 816 622 clarissima
829 557 956 639 mundi,

177 641 318 706 Brachia
332 645 549 725 contorquens
564 641 665 706 stellis
682 662 763 725 quae
780 663 889 706 mense
904 662 1056 727 peragras

178 724 272 800 Quod
286 725 438 790 Phoebus
452 725 581 790 radians
595 729 665 790 toto
680 725 736 790 uix
752 725 890 809 explicat
907 747 1009 809 anno,

178 809 331 893 Corporis
346 813 379 874 et
393 809 557 876 dominam
572 831 670 876 uerax
685 832 781 894 quam
795 810 891 874 turba
904 809 1041 892 fatetur,

179 892 228 958 Tu
241 913 410 958 nemorum
424 897 531 960 custos
545 897 582 958 00
596 916 684 958 mors
694 895 831 978 pinnata
844 893 1003 977 ferarum,

112 989 165 1040 405
178 975 281 1042 Ursus
297 999 409 1042 ceruus
424 999 501 1061 aper
515 979 690 1062 pantherae
706 978 834 1043 damma
848 978 958 1044 leones

176 1059 272 1126 Retia
286 1083 358 1126 cum
372 1062 511 1127 ueniunt
525 1066 581 1126 aut
595 1084 668 1127 oum
682 1063 844 1128 uenabula
858 1063 989 1128 uibrant

177 1147 265 1210 Ante
279 1167 391 1210 necem
405 1151 462 1210 tua
475 1146 594 1230 praeda
608 1147 729 1211 iacent:
750 1151 783 1212 te
798 1147 912 1214 tertius
927 1147 1020 1212 heres
1045 1179 1050 1183 ·

178 1229 374 1312 Participem
388 1231 482 1314 regni
498 1235 679 1294 consortem
695 1231 774 1294 iuris
789 1231 890 1294 amari

178 1312 313 1397 Optauit
327 1313 547 1396 mundumque
562 1313 650 1379 dedit
663 1313 724 1378 tibi
739 1313 824 1378 dona
838 1314 1028 1398 secundum,

109 1411 165 1459 410
176 1396 242 1462 Sub
257 1401 315 1464 tua
327 1397 480 1462 terribilis
495 1398 666 1481 rapiuntur
680 1402 806 1480 sceptra
819 1398 965 1481 tyranni,
997 1439 1003 1456 .

176 1481 278 1546 Diues
292 1505 415 1566 pauper
429 1482 525 1566 inops
540 1486 651 1565 raptor
664 1482 770 1565 pirata
783 1481 930 1546 sacerdos

177 1565 365 1631 Aduenient
380 1567 439 1632 sub
454 1567 527 1650 lega
542 1567 628 1650 pari,
642 1587 711 1630 non
726 1569 811 1631 sorte
826 1567 885 1632 sub
901 1587 981 1631 una:

179 1649 227 1714 Tu
243 1651 340 1732 punis
355 1654 431 1735 post
445 1650 513 1715 fata
526 1672 598 1715 reos
614 1653 647 1716 et
665 1651 788 1715 uiscera
805 1671 916 1734 saeuo,

176 1732 399 1818 Persephone,
415 1734 471 1799 das
486 1738 700 1820 0000000001,
718 1738 793 1818 post
807 1755 908 1819 regna
918 1734 1063 1800 barathri

108 1829 162 1878 415
177 1816 265 1892 Quae
280 1818 406 1883 uultum
421 1822 546 1883 mutare
561 1819 646 1884 soles
659 1819 768 1884 uisura
783 1819 980 1884 Tonantem:

175 1901 227 1966 Da
242 1901 371 1966 ueniam
377 1953 385 1985 ,
402 1901 516 1967 Medea
529 1925 658 1986 precor,
673 1925 746 1968 cum
761 1903 849 1967 clade
865 1925 996 1969 suorum

174 1984 250 2050 Non
268 1985 358 2050 decet
372 1986 420 2050 ira
436 1986 520 2051 deos.
550 2009 676 2052 mereor
696 2008 756 2071 pro
773 1987 906 2052 crimine
922 2009 1076 2070 poenam,

177 2068 222 2133 Te
237 2070 374 2135 feriente
389 2074 512 2154 tamen,
527 2091 595 2136 non
609 2076 646 2136 00
660 2071 825 2136 mendicus
839 2070 937 2136 Iason

176 2152 227 2218 Sit
241 2155 373 2237 uindex,
390 2155 517 2239 regina,
532 2158 622 2239 0000,
638 2155 694 2237 qui
709 2155 853 2220 criminis
868 2160 981 2221 auctor

106 2237 191 2302 4201
214 2259 248 2302 se
263 2237 334 2302 fuit.
365 2239 514 2304 miseram
530 2238 617 2304 solus
630 2259 699 2303 non
713 2239 828 2322 puniat
843 2260 899 2303 oro
927 2315 929 2318 ¹

175 2260 238 2397 Cui
252 2343 377 2387 meeum
392 2321 555 2388 feriendus
571 2327 649 2388 erat.
681 2323 869 2406 cuicumque
885 2322 1010 2386 iubebis

175 2397 266 2471 Colla
281 2427 359 2488 paro
374 2407 486 2473 feriat:
509 2411 635 2472 tantum
649 2428 691 2472 ne
706 2407 800 2493 uirgo
818 2406 966 2472 Creontis
1087 2417 1119 2466 [r-
1135 2415 1171 2466 91}

173 2489 356 2554 Discidium
370 2493 476 2574 pariat
489 2495 621 2556 nautam
637 2491 771 2557 ductura
785 2492 945 2556 maritum.

173 2573 299 2638 Exaudi
313 2574 484 2654 famulam,
502 2576 594 2640 dolor
610 2579 672 2659 000,
687 2599 755 2642 000
771 2577 857 2642 zelus
871 2574 977 2640 Iason.

105 2669 160 2719 425
175 2656 324 2742 Quinque
350 2659 433 2724 dabo
461 2659 592 2725 inferias
612 2665 726 2740 <sat
746 2663 842 2725 erunt
863 2681 922 2743 pro
941 2657 1074 2727 erimine

820 2747 932 2809 nostro
948 2783 989 2792 -

172 2824 329 2890 Inlustres
344 2827 483 2910 animas,
497 2827 627 2893 niueam
642 2849 715 2892 cum
729 2825 844 2892 Iasone
861 2828 1019 2912 Glaucen,
1127 2885 1130 2890 .

173 2909 333 2982 Mortibus
348 2911 517 2976 amborum
532 2933 641 2996 regem
656 2933 752 2996 super
767 2911 848 2976 addo
864 2910 1005 2980 Creonta

172 2993 217 3057 Et
230 2999 326 3058 natos
341 2996 523 3061 miseranda
537 2995 632 3080 duos,
648 3018 720 3062 mea
733 2997 886 3082 pignora,
902 2997 1037 3081 supplex

176 3249 228 3300 400
253 3249 347 3300 domus
375 3267 423 3301 ora
447 3253 511 3315 fore.
537 3253 608 3302 aliud
633 3252 752 3317 quiddam
779 3256 804 3302 r’u
830 3267 878 3302 ora
904 3249 982 3302 aerbo
1011 3253 1075 3301 latet

102 3316 157 3366 401
186 3316 299 3382 stellisq
323 3332 415 3369 manse
501 3321 551 3371 400
578 3323 696 3384 pantere
782 3321 832 3370 413
857 3320 891 3382 cs.
913 3317 1010 3368 Lucan.
1033 3318 1076 3369 VI

104 3384 166 3432 699.
190 3387 239 3434 700
312 3387 363 3434 414
385 3385 493 3437 baratri
560 3388 611 3437 418
632 3386 773 3437 mendicus
796 3388 843 3436 uico
863 3401 959 3438 sanum.
999 3401 1074 3438 men·

103 3451 194 3500 titus?
262 3453 313 3502 423
335 3457 416 3516 parat
483 3455 535 3504 425
558 3453 643 3505 dabos
666 3454 735 3504 dabo
753 3451 879 3520 0100100
946 3457 1074 3510 400001·

101 3531 168 3566 mae
185 3515 188 3582 Ι
205 3517 335 3570 Glaucem
765 3526 767 3532 '
