2474 3886
469 481 654 564 satisfactio
673 497 849 564 Dracontii.

238 655 308 721 Rex
323 654 477 718 immense
493 653 570 716 deus
586 655 774 716 cunctorum
790 651 939 715 conditor
955 656 986 716 et
1000 673 1088 735 spes,

283 737 385 814 Quem
399 739 493 802 timet
504 757 599 802 omne
615 735 718 800 solum
725 785 733 818 ,
751 735 807 818 qui
821 736 907 819 regis
922 737 997 882 ique
1012 737 1136 820 polum,

239 823 350 888 Sidera
364 822 492 886 flamma
507 821 575 906 'dies
590 841 686 902 quem
700 819 749 883 sol
763 841 830 883 nox
843 819 922 884 luna
951 824 1079 884 atentur

281 910 474 988 Auctorem,
497 905 663 969 dominum
679 903 805 967 saecula
819 907 935 967 cuncta
948 905 1102 986 probant:

206 1005 222 1054 5
237 990 402 1073 Principio
418 1012 473 1054 seu
488 989 553 1066 fine
569 1009 679 1053 carens
695 991 728 1052 et
741 987 897 1071 temporis
912 1010 1025 1072 expers

282 1074 418 1139 Nescius
433 1073 549 1138 alterni
563 1093 623 1137 nee
638 1071 708 1136 uice
723 1071 854 1136 functus
870 1073 953 1156 agis,

241 1158 358 1224 Omnia
374 1162 560 1242 permutans
575 1156 666 1242 nullo
684 1155 849 1220 mutabilis
865 1178 945 1221 acuo

280 1241 371 1307 Idem
386 1264 511 1326 semper
526 1241 588 1305 eris
604 1241 659 1323 qui
676 1262 708 1304 es
724 1240 819 1304 modo
835 1240 888 1304 uel
903 1240 1019 1306 fueras.

239 1327 297 1394 Nil
312 1326 402 1391 addit
417 1327 579 1410 demitque
593 1324 653 1389 tibi
668 1329 735 1388 tam
751 1324 849 1422 longa
864 1328 1023 1408 uetustas,

192 1427 224 1475 10
282 1411 399 1476 Omnia
414 1416 542 1494 tempus
555 1409 691 1492 habent,
707 1431 784 1472 nam
797 1409 858 1473 t1bi
872 1411 999 1493 tempus
1015 1410 1112 1477 abest.

241 1495 304 1572 Qui
318 1501 442 1561 mentes
457 1496 625 1561 hominum
641 1515 704 1576 qua
719 1493 769 1556 uis
783 1515 841 1576 per
856 1493 983 1576 singula
998 1493 1087 1559 ducis

171 1633 174 1640 .
283 1579 327 1644 nt
342 1601 534 1663 quocunque
549 1579 641 1643 iubes
657 1576 769 1661 dirigis
784 1578 931 1662 ingenia,

240 1663 302 1740 Qui
321 1663 402 1727 facis
417 1664 517 1726 iratus
532 1662 679 1726 homines
695 1663 855 1725 contraria
869 1662 953 1725 uelle

282 1747 511 1830 Propitiusque
525 1747 617 1810 iubes
633 1750 669 1810 ut
684 1746 769 1810 bona
784 1749 899 1810 cuncta
914 1751 1038 1829 gerant.

192 1845 223 1894 15
239 1829 398 1914 Quicquid
426 1834 529 1916 agunt
556 1830 705 1895 homines
711 1881 720 1914 ,
746 1830 832 1894 bona
857 1830 963 1894 tristia
987 1853 1141 1916 prospera

909 1936 987 1980 raua

281 1999 353 2064 Hoc
367 1997 437 2064 fieri
453 2000 639 2064 ammittant
653 1999 701 2063 ira
715 1998 872 2082 fauorque
886 1937 955 2063 dei:
991 1965 1001 1998 ⁷

239 2084 311 2150 Hoc
326 2088 382 2150 tua
397 2085 495 2149 uerba
509 2084 648 2168 probant
662 2082 773 2147 Mosco
790 2082 875 2147 dieta
888 2083 1079 2168 prophetae,

283 2167 376 2245 Quod
392 2169 564 2234 duraturus
581 2190 635 2233 cor
649 2167 829 2232 Pharaonis
845 2189 924 2233 eras,

240 2253 293 2320 Sic
307 2277 379 2320 mea
395 2257 491 2320 corda
506 2254 582 2318 deus
597 2255 710 2317 nostro
724 2254 878 2335 peccante
891 2255 982 2316 reatu

192 2352 225 2401 20
282 2339 450 2422 Temporis
465 2337 628 2402 immodici
643 2336 737 2420 pellit
751 2334 791 2400 ad
809 2336 937 2419 illicita,

78 2447 120 2498 sor.
128 2443 177 2490 111Γ
240 2422 287 2488 Ut
325 2425 358 2486 ui
371 2422 457 2486 facta
472 2422 588 2485 ducum
603 2442 730 2504 possem
744 2441 874 2484 narrare
888 2440 1048 2502 meorum,

318 2506 434 2569 ominis
449 2504 610 2588 Asdingui
625 2504 710 2569 bella
725 2504 975 2589 triumphigera,

240 2589 336 2653 Unde
351 2588 432 2652 mihi
446 2609 567 2653 merces
581 2593 691 2672 posset
706 2609 778 2652 cum
793 2589 886 2652 laude
901 2589 1012 2652 salutis

283 2671 417 2736 Munere
433 2674 598 2758 regnantis
613 2694 730 2758 magna
745 2673 857 2737 uenire
872 2673 983 2756 simul,
1053 2719 1057 2728 ,

191 2769 224 2818 25
239 2755 387 2821 Praemia
401 2756 596 2842 despicerem
610 2759 717 2822 tacitis
732 2760 783 2822 tot
797 2757 926 2842 regibus
942 2756 1048 2840 almis,

284 2839 330 2906 Ut
344 2845 485 2924 peterem
501 2843 607 2907 subito
623 2846 709 2906 certa
723 2842 843 2925 pericla
857 2843 963 2906 miser.

242 2923 320 3000 Quis
335 2925 399 2989 nisi
415 2927 544 2990 caelesti
559 2927 689 2990 demens
704 2926 888 3010 compulsus
904 2926 943 2991 ab
959 2925 1008 2990 ira

283 3011 409 3092 Aspera
423 3015 538 3075 cuncta
552 3014 656 3094 petat,
671 3031 826 3094 prospera
841 3014 956 3075 cuncta
970 3007 1096 3096 neget?

245 3167 334 3229 incipit
352 3165 447 3214 codicis
462 3164 585 3214 Uaticani
597 3165 645 3226 sol.
666 3165 732 3213 1430
747 3167 803 3218 sine
820 3166 904 3215 iudice
974 3165 987 3212 1
1007 3159 1062 3226 111
1082 3179 1154 3214 eon-

178 3231 265 3282 dictor
283 3249 352 3283 corr.
369 3233 498 3282 Areuclcs
550 3234 581 3281 15
601 3231 739 3296 Quidquid
757 3231 878 3282 Sirmond
894 3239 921 3282 et
939 3232 1065 3282 Areualus
1087 3248 1154 3283 con-

178 3297 254 3357 feras
275 3300 422 3349 quenalem
441 3297 456 3346 1
473 3301 507 3347 85
577 3300 607 3346 16
632 3298 782 3348 admittunt
802 3299 931 3348 Armatus
950 3297 954 3357 Ι
974 3301 1055 3351 fabor
1073 3315 1154 3350 corr.

178 3364 309 3414 Areucluc
377 3368 408 3414 m
429 3361 500 3429 qui]i
517 3364 543 3411 in
560 3378 654 3412 rasura
670 3367 792 3426 ampliore
861 3368 894 3414 25
913 3366 1042 3417 Proemia
1120 3370 1156 3418 26

178 3426 362 3542 Ε110114111
382 3445 476 3481 rasura
498 3430 650 3479 recentiore.
691 3430 792 3479 uidetur
812 3431 895 3492 fuisse
916 3446 934 3481 u
1003 3436 1037 3485 28
1059 3441 1159 3500 negat

179 3507 248 3543 corr.
295 3501 398 3546 reuolue
