2474 3886
206 236 249 302 34
571 234 811 287 ssrrsrnerro

271 385 419 470 Namque
435 384 641 450 inimieorum
657 384 760 468 culpis
774 383 901 449 ueniale
916 385 1059 467 minaris,

313 470 531 554 Captiuosque
547 474 620 534 tuos
632 468 760 534 deliciis
776 469 895 553 epulas.

272 556 392 620 Puniut
406 559 443 619 ut
456 556 499 618 sit
513 554 599 637 quod
615 553 772 636 Christus,
786 558 822 618 tu
836 553 942 637 paruis
956 553 1086 637 iniquis,

312 638 450 706 Uindice
466 661 529 723 quo
545 660 674 724 regnes,
690 659 755 723 quo
771 638 928 724 uigilante
943 638 1044 722 uiges.

207 737 257 788 125
273 724 335 801 Qui
349 727 487 808 pereunt
501 723 586 788 bello
602 723 663 786 soli
677 723 861 788 moriuntur
876 726 914 787 ut
926 723 1043 800 hostes,

314 809 377 883 uui
391 811 536 891 superest
549 827 678 892 pugnae
693 807 785 872 uiuat
798 811 836 871 ut
849 808 919 891 ipse
933 807 1032 871 iubes.

271 894 316 959 Oa
338 893 425 957 tiuus
440 913 569 956 securus
584 892 661 977 agit,
677 892 828 976 solusque
843 891 971 957 rebellis

314 917 480 1042 lormidat
493 979 642 1059 mortem,
658 977 778 1060 praeda
792 977 902 1060 quieta
916 975 1013 1040 sedet
1117 983 1121 1000 '

271 1061 450 1143 Conseruas
466 1061 599 1145 animas,
614 1061 737 1124 uietum
752 1083 848 1144 super
862 1061 931 1144 ipse
946 1061 1109 1124 ministras

210 1159 260 1208 130
316 1145 367 1210 Ne
380 1145 422 1209 sit
437 1145 505 1208 uita
520 1146 628 1229 grume
643 1145 841 1228 subripiente
854 1145 949 1209 fame.

174 1249 176 1257 ·
269 1229 374 1295 Nemo
391 1228 482 1293 cadet
496 1232 556 1293 sub
571 1230 641 1294 iure
654 1233 712 1294 tuo
728 1230 787 1294 sub
804 1233 906 1294 morte
922 1233 1063 1311 eruenta,

315 1313 384 1380 Scit
398 1335 431 1378 se
447 1314 609 1379 uicturum
624 1315 680 1397 qui
695 1314 785 1379 uolet
799 1335 867 1378 esse
881 1317 965 1378 tuus.

272 1399 380 1464 Turba
394 1399 607 1464 rebellantum
622 1399 772 1482 quotiens
787 1399 894 1464 orauit
907 1399 943 1463 in
957 1397 1057 1461 armis

315 1484 470 1548 Uineeret
484 1487 540 1548 aut
554 1487 639 1548 eerte
652 1483 772 1567 praeda
786 1484 901 1548 fuisset
914 1483 1010 1548 iners.

209 1581 260 1630 135
276 1567 412 1634 Securus
428 1568 496 1631 sine
511 1572 614 1632 morte
629 1589 743 1632 manus
759 1567 814 1632 det
827 1567 973 1632 hostibus
988 1566 1101 1649 hostis,

313 1652 344 1716 N
346 1673 398 1715 em
411 1651 494 1715 bene
510 1673 681 1716 conserues
696 1652 780 1717 eolla
795 1653 927 1717 subacta
945 1653 1032 1735 iugo.

272 1734 325 1801 Sic
339 1737 390 1800 leo
405 1735 548 1799 terribile
564 1736 673 1801 fremit
687 1735 836 1801 horridus
851 1759 906 1801 ore
921 1739 1055 1801 eruente

302 1819 487 1904 ¹Unguibus
503 1822 642 1885 excussis
657 1822 752 1886 dente
767 1821 911 1886 minente
926 1841 1029 1904 neces,

272 1906 388 1969 Aurius
403 1904 505 1968 iratus
520 1906 658 1989 crispato
674 1906 795 1971 lumine
810 1905 898 1990 ferri,

210 2002 260 2052 140
316 1990 361 2055 Et
375 2011 465 2054 mora
480 1990 507 2054 si
521 1989 621 2056 fuerit
635 1990 739 2054 aerius
754 1990 828 2054 inde
843 1990 934 2074 furit,

272 2076 318 2139 At
332 2075 360 2138 si
373 2079 510 2139 uenator
524 2075 689 2159 trepidans
704 2075 865 2140 uenabula
884 2077 982 2157 ponat

315 2161 458 2225 Territus
473 2164 506 2224 et
519 2161 631 2242 iaceat,
646 2182 722 2224 mox
736 2160 821 2243 perit
834 2159 884 2223 ira
898 2160 1022 2224 cadens.

272 2245 403 2310 Temnit
415 2245 534 2328 praedo
549 2245 639 2310 eibos
655 2266 735 2328 quos
749 2266 819 2309 non
832 2244 913 2308 feeit
926 2245 994 2328 ipse
1009 2241 1157 2324 cadauer,

318 2333 366 2394 Ae
381 2330 469 2393 ferus
484 2330 626 2414 ignoscit
640 2351 697 2392 eeu
713 2329 788 2392 satis
803 2329 950 2413 adcipiat,

213 2427 261 2475 145
277 2414 321 2478 Et
336 2415 390 2477 dat
403 2417 565 2496 prostrato
580 2413 709 2477 ueniam
725 2413 793 2478 sine
810 2414 942 2478 uulnere
957 2412 1042 2478 uicto

320 2497 382 2562 Ore
398 2496 579 2560 uerecundo
596 2496 734 2562 deiciens
750 2497 870 2563 oeulos.

278 2580 332 2646 Sie
346 2585 411 2662 tua,
427 2584 590 2664 regnator,
605 2602 673 2645 non
687 2582 788 2665 impia
801 2583 964 2666 frangitur
978 2581 1025 2644 ire

320 2664 403 2728 Cum
418 2663 583 2730 confessus
598 2666 660 2730 erit
674 2667 809 2731 erimina
823 2672 915 2751 gesta
929 2687 1011 2730 reus.

277 2747 479 2834 Ignoseendo
494 2751 567 2833 pius
581 2752 675 2816 nobis
690 2752 818 2816 imitere
834 2751 1013 2816 Tonantem

216 2845 265 2894 150
324 2832 386 2909 Qui
401 2834 549 2920 indulget
563 2836 673 2920 culpas
689 2842 721 2902 et
735 2836 863 2901 ueniam
879 2835 1002 2900 tribuit.

279 2917 439 3002 Principis
454 2922 583 3006 augusti
598 2922 701 2988 simile
717 2926 767 2986 est
781 2922 820 2986 ad
835 2941 937 3006 regna
951 2918 1104 3004 polorum

279 3109 327 3159 123
345 3104 412 3184 xpr·
448 3111 495 3159 125
515 3111 543 3159 in
562 3110 656 3159 hostes
669 3111 874 3160 eorr.Areuulur
927 3107 1081 3172 lespiam
1141 3111 1192 3158 m

212 3194 317 3245 foreuit
334 3208 404 3244 corr.
423 3191 520 3244 Bueell.
539 3193 648 3242 durauit
666 3194 795 3244 Areualns
847 3196 893 3243 141
920 3196 958 3242 Ae
981 3199 1010 3242 at
1033 3193 1193 3256 interponas
1215 3179 1216 3196 ¹

212 3269 238 3311 et
256 3263 385 3312 Arenata
463 3263 511 3311 143
535 3262 619 3324 predo
643 3263 707 3310 idem
729 3276 819 3310 nereus
846 3263 977 3323 reperitur
998 3259 1061 3310 Vlll
1083 3263 1142 3310 360

212 3330 261 3376 146
283 3333 370 3379 malles
391 3328 523 3377 deicienti
546 3330 596 3375 nisi
616 3329 688 3376 elisio
713 3327 826 3376 obstaret
849 3330 992 3378 Drmuntr'o
1015 3344 1066 3377 urin
1091 3330 1195 3379 mittite

265 3396 313 3445 119
332 3411 387 3445 non
405 3398 448 3444 uis
467 3392 545 3442 nobie
563 3409 598 3440 em
621 3395 782 3454 interpolatis
805 3397 917 3443 restituit
936 3399 1065 3444 Areuarni
1149 3403 1192 3448 15)·Ι

211 3456 302 3518 culpis
323 3459 473 3523 inlerpvlnli
494 3467 519 3509 et
542 3461 669 3510 Arenaria
747 3459 792 3507 151
815 3459 955 3525 Principis
976 3463 1134 3526 imperium
1164 3483 1189 3514 r:

211 3527 335 3584 terpolatr'
355 3535 381 3575 et
400 3531 527 3577 Arruntis
550 3521 555 3589 Ι
582 3539 616 3572 ae
638 3526 745 3586 scripsit
763 3525 898 3574 Areualas.
930 3531 978 3577 sed
1000 3529 1035 3576 ed
1061 3534 1151 3586 eliam
1179 3553 1186 3582 ι

1213 353 1219 504 l

1213 595 1219 798 1
