2468 3888
183 172 222 235 16
555 130 766 231 15511551

180 353 230 402 555
244 338 390 424 Exiguus
411 362 524 426 regum
546 341 683 405 victores
705 361 814 424 cespes
835 340 988 424 habebat,

286 423 336 492 nt.
352 423 561 490 Cincinnatos
582 426 694 510 iugera
714 447 816 509 pauca
837 423 964 490 dabant.

243 508 333 576 Haec
355 511 452 575 etiam
473 511 566 575 nobis
588 532 656 575 non
677 509 832 574 inferiora
851 509 1000 574 feruntur

287 594 419 661 Vomere
443 593 571 660 Semoni
592 594 794 678 Fabriciique
816 594 899 659 foco.

243 681 293 746 Pu
316 680 409 765 pibus
431 701 508 765 ergo
530 679 610 744 meis
630 679 696 744 fida
715 680 751 743 in
773 680 910 744 statione
931 680 1046 744 locatis

181 777 232 828 500
288 703 361 849 11155
382 766 484 832 151101
504 764 596 828 Pisas
618 785 682 847 qua
703 764 853 828 50155115
874 764 979 847 pedes.

244 851 381 915 Praebet
403 871 517 934 equos,
541 849 635 914 offert
656 849 752 914 etiam
774 852 926 933 carpenta
939 849 1106 934 tribuum,

285 935 337 999 Ex
358 934 546 998 commilitio
569 955 661 1002 carus
682 934 805 1017 etipse
826 933 923 1017 151111,

245 1019 368 1084 01115115
390 1040 534 1104 regerem
555 1040 629 1084 oum
650 1019 739 1103 regia
759 1021 844 1083 tecta
866 1018 1033 1104 magister,

286 1104 535 1190 Armigerasque
557 1104 603 1187 pii
625 1103 781 1187 principis
804 1104 961 1168 excubias.

180 1203 231 1252 505
247 1189 289 1253 Al
313 1189 392 1256 heae
414 1193 555 1254 veterem
577 1188 778 1271 contemplor
800 1189 934 1273 originis
955 1189 1085 1273 5111515,

288 1211 390 1358 811515
412 1274 548 1360 cingunt
568 1273 705 1360 geminis
726 1277 835 1338 Arnus
857 1277 890 1338 et
911 1274 1019 1338 Ausur
1041 1275 1151 1358 aquis;

245 1359 371 1425 Oonum
393 1359 568 1444 pyramidis
590 1358 740 1424 coeuntia
760 1358 894 1422 flumina
915 1358 1051 1422 ducunt:

286 1445 431 1510 intratur
452 1444 578 1509 modico
601 1443 692 1508 frons
714 1443 875 1527 1155555555
896 1442 979 1507 solo:

245 1529 307 1594 Sed
328 1530 494 1614 proprium
509 1529 627 1594 retinet
641 1529 803 1593 communi
818 1528 853 1592 in
867 1527 996 1612 gurgite
1010 1549 1148 1613 nomen,

180 1627 231 1676 510
286 1614 331 1678 Et
375 1619 488 1687 ontum
510 1614 597 1678 solus
620 1613 740 1677 scilieet
761 1614 870 1677 Arnus
891 1611 967 1676 adit.

244 1701 331 1763 Ante
378 1698 424 1781 ’5,
447 1719 543 1781 quam
565 1697 763 1782 Troiugenas
785 1698 916 1762 fortuna
936 1701 1069 1781 penates

286 1782 556 1847 Laurentinorum
577 1783 707 1867 regibus
730 1783 899 1865 insereret,

244 1867 339 1932 Elide
361 1867 511 1932 deductas
533 1868 672 1951 suscepit
693 1867 825 1934 Etruria
845 1867 951 1949 Pisas3

285 1951 435 2018 Nominis
456 1951 575 2017 indicio
596 1953 767 2018 testificata
789 1972 899 2037 genus.

179 2051 228 2100 515
243 2037 305 2102 Η10
328 2038 435 2102 oblata
456 2037 537 2102 mihi
559 2039 661 2102 sancti
683 2037 838 2123 genitoris
859 2037 981 2121 imago,

284 2123 395 2188 Pisani
417 2123 548 2207 proprio
571 2145 667 2207 quam
689 2143 823 2207 posuere
845 2121 927 2185 foro.

242 2207 406 2273 Laudibus
427 2208 535 2272 amissi
556 2229 656 2294 cogor
676 2207 841 2273 lacrimare
863 2207 1024 2288 parentis:

286 2293 465 2357 Fluxerunt
485 2293 621 2358 madidis
643 2292 760 2378 gaudia
781 2295 902 2356 maesta
923 2291 1024 2374 genis.

242 2377 391 2462 Namque
413 2381 506 2460 pater
519 2377 682 2461 quondam
696 2375 870 2462 Tyrrhenis
891 2374 1031 2458 praefuit
1045 2377 1151 2461 511115,
1220 2393 1221 2426 l

181 2474 231 2523 580
287 2462 440 2526 Fascibus
462 2464 494 2524 55
516 2462 601 2524 551115
624 2461 744 2526 credita
764 2462 835 2524 iura
862 2459 957 2524 dedit.

242 2544 417 2628 Narrabat,
439 2545 588 2628 memini,
611 2548 729 2612 multos
752 2565 898 2610 emensus
920 2545 1060 2609 honores

284 2630 461 2694 Tuscorum
481 2629 625 2715 regimen
646 2632 719 2715 plus
740 2630 897 2714 placuisse
919 2630 997 2694 sibi:

242 2714 326 2780 Nam
355 2735 459 2798 neque
490 2736 588 2799 opum
617 2737 740 2800 curam,
771 2715 916 2798 quamvis
945 2715 988 2780 515
1011 2734 1150 2800 magna,

788 2821 949 2864 sacrarum

283 2882 352 2948 Neo
374 2885 424 2949 ius
446 2889 633 2968 quaesturae
656 2890 748 2969 grata
768 2884 867 2949 fuisse
888 2884 1006 2968 magis:

180 2982 230 3031 585
243 2968 368 3052 Ipsam,
391 2970 418 3034 si
438 2971 488 3035 fas
511 2975 574 3053 555,
596 2974 790 3053 postponere
812 2969 1045 3053 praefecturam

283 3053 422 3118 Pronior
443 3054 478 3117 in
499 3054 619 3119 Tuscos
640 3075 708 3118 non
730 3053 897 3119 dubitabat
918 3073 1017 3118 amor.

242 3139 311 3205 Nee
333 3137 519 3221 fallebatur,
542 3143 609 3203 tam
630 3159 722 3202 carus
744 3142 777 3202 55
797 3140 866 3223 ipse
888 3139 1046 3222 probatis:

284 3224 441 3288 Aeternas
462 3226 568 3307 grates
590 3226 702 3287 mutua
723 3245 798 3288 cura
819 3223 926 3306 oanit3

242 3305 514 3389 Constantemque
536 3307 597 3370 sibi
618 3308 738 3388 pariter
759 3309 934 3391 mitemque
955 3307 1067 3390 fuisse,

179 3401 229 3448 590
286 3390 457 3456 1551511555
477 3388 562 3452 55515
584 3389 640 3471 qni
662 3391 836 3454 5151515515
858 3413 959 3457 55555.

241 3470 351 3553 1115551
373 3496 424 3538 155
446 3470 596 3557 gradibus
617 3492 685 3535 non
706 3472 913 3555 degenerasse
932 3475 1075 3558 parentis

389 3769 696 3836 ΔΑ
