2474 3886
436 213 438 219 ’
467 222 536 275 v111
552 225 669 275 49-109
1009 222 1050 286 33

147 373 269 438 Infelix
283 371 431 436 Priamus
446 374 520 455 post
533 370 682 436 Herculis
698 393 786 435 arma
799 376 950 438 nouarat:

94 469 134 520 80
154 461 276 522 Annua
289 456 478 540 persoluens
493 456 628 540 ingratis
644 477 778 519 munera
793 457 876 520 diuis

148 540 438 606 Laomedontiades
454 540 605 623 capitolia
620 539 704 604 celsa
717 541 848 622 petebat

148 625 293 690 Reddere
307 629 386 689 uota
400 623 471 688 Ioui
479 674 487 705 ,
503 625 627 688 laturus
642 646 732 688 sacra
746 624 922 690 Mineruae.

149 710 200 774 Ad
218 709 362 774 dextram
376 709 533 792 genitoris
548 713 617 772 erat
630 709 826 774 fortissimus
836 708 977 792 Hector,

149 794 278 858 Troilus
294 793 336 856 ad
349 793 474 858 laeuam
488 793 607 876 pauido
623 795 797 858 comitante
813 793 933 876 Polite,
1060 829 1090 877 [9,
1100 830 1136 880 40]

95 891 133 940 85
154 877 269 944 Cetera
282 884 434 944 natorum
448 879 544 942 turba
558 878 695 960 stipatus
712 878 830 964 abibat.

36 1023 38 1030 ,
148 962 308 1047 Reginam
321 962 446 1026 interea
459 965 608 1029 natarum
621 963 716 1027 turba
731 966 865 1028 coronat

149 1047 194 1111 Et
208 1047 342 1111 nuribus
358 1046 511 1116 comitata
525 1047 616 1111 uenit
630 1047 685 1129 pia
699 1050 777 1112 uota
791 1048 988 1112 ministrans.

148 1131 218 1195 Rex
228 1130 390 1195 Helenum
402 1131 555 1214 sequitur,
567 1129 763 1196 Cassandrae
774 1135 877 1196 mater
888 1130 1049 1198 adhaeret.

150 1215 237 1280 Dum
243 1218 385 1300 pergunt
393 1218 425 1278 et
435 1214 686 1299 templapetunt,
697 1217 880 1299 prorumpit
891 1216 926 1279 in
933 1237 1050 1300 agmen

96 1313 135 1362 00
151 1299 267 1364 Pastor
281 1304 314 1364 et
328 1299 484 1364 attonitos
500 1299 583 1362 elata
597 1321 677 1364 uoce
692 1300 826 1364 salutat:

153 1383 221 1449 ‘Sis
236 1383 315 1448 felix
329 1384 494 1467 princeps,
510 1404 621 1448 omnes
636 1382 756 1449 saluete
772 1383 896 1448 sodales

151 1470 220 1533 Aut
234 1468 350 1532 fratres
365 1472 403 1531 ut
417 1489 494 1531 uera
508 1467 620 1532 faram.
650 1472 685 1531 tu
701 1468 818 1532 fortior
832 1466 955 1531 Hector

150 1552 287 1617 Oulmen
303 1556 335 1616 et
349 1552 437 1616 urbis
453 1573 549 1634 apex,
565 1554 597 1616 et
611 1552 734 1616 uiribus
749 1550 868 1616 indolis
883 1551 986 1616 almae

149 1636 273 1719 Troilo,
288 1636 388 1700 frater
403 1656 474 1720 ego.
506 1636 639 1701 fratrem
654 1637 838 1720 cognoscite
853 1640 1006 1702 uestrum.

95 1734 131 1781 95
151 1721 332 1786 Germanus
347 1742 417 1784 sum
432 1723 538 1786 uester
553 1742 569 1786 e
594 1743 613 1784 ο
628 1720 812 1803 Priamique
827 1742 987 1806 propago,

148 1803 282 1869 Hecuba
296 1805 342 1868 mi
356 1805 512 1888 genitrix,
529 1805 568 1868 ab
594 1805 659 1869 'cor
674 1805 806 1868 crimine
821 1806 912 1870 nullo

148 1889 274 1952 Paruus
288 1888 471 1954 Alexander
484 1893 596 1972 pastor
610 1889 751 1953 nutritus
766 1890 801 1952 in
816 1889 882 1953 Ida.

148 1973 219 2038 Nec
233 1977 344 2056 pastor
361 1973 405 2036 sit
419 1974 494 2056 uile,
510 1973 665 2058 Phryges,
681 1994 741 2057 ego
756 1974 862 2058 iurgia
877 1974 988 2037 diuum

120 2103 124 2106 v
150 2057 349 2140 Compressi,
365 2079 441 2122 nam
456 2058 512 2122 lite
528 2062 615 2121 caret
629 2079 680 2122 me
696 2057 800 2122 iudice
815 2059 948 2122 caelum.

83 2139 184 2206 10081
199 2141 300 2206 credis
316 2150 472 2226 germana
484 2163 613 2223 manus,
628 2162 688 2204 nec
703 2144 808 2205 cetera
822 2142 907 2226 regis
992 2157 995 2164 “

151 2226 289 2290 Conscia
304 2225 400 2291 eorda
421 2229 545 2310 negant
559 2246 619 2289 nec
633 2228 736 2288 mater
749 2226 868 2309 pignus
883 2225 1050 2291 abhorret:

149 2310 182 2374 N
184 2311 283 2374 oscite
298 2311 437 2394 depositi
451 2310 505 2384 uel
519 2313 605 2374 certa
619 2309 794 2391 crepundia
808 2309 944 2374 fratria'

148 2394 284 2459 Dixerat
298 2401 331 2460 et
345 2399 443 2460 testas
459 2395 585 2479 generis
599 2393 735 2478 proiecit
748 2394 784 2456 in
799 2414 879 2457 arce.

148 2478 237 2542 Uera
251 2480 329 2544 tides
343 2480 446 2563 pietas
462 2480 614 2563 quatiunt
626 2500 701 2542 mox
716 2478 813 2543 corda
826 2482 996 2561 parentum

82 2575 133 2624 100
150 2560 400 2647 Admissumque
414 2564 505 2628 nefas
521 2585 678 2648 generosa
693 2567 800 2627 mente
814 2563 934 2626 fatetur

148 2647 252 2712 Fusus
267 2650 302 2712 in
318 2670 375 2712 ora
389 2649 497 2716 rubor.
528 2648 651 2712 Paridis
666 2668 741 2711 mox
757 2647 841 2712 colla
855 2647 981 2712 lacertis

148 2731 283 2816 Adligat
297 2736 330 2796 et
344 2736 457 2797 natum
472 2733 550 2797 fietu
565 2731 734 2816 gaudentis
750 2731 888 2795 inundat
1056 2760 1089 2809 [p.
1100 2760 1137 2810 411
1225 2725 1226 2730 ¹

148 2815 387 2900 Conuictusque
402 2821 494 2900 pater
508 2817 635 2880 ueniam
654 2815 692 2878 de
707 2815 799 2898 prole
813 2817 959 2900 rogabat.

150 2899 352 2984 Obstupuere
368 2923 489 2966 omnes.
519 2904 621 2964 mater
636 2900 748 2984 ganisa
762 2901 907 2985 recurrit,

153 3107 185 3155 79
204 3105 325 3155 quoelix
340 3105 344 3171 Ι
360 3111 478 3156 nouerat
495 3122 563 3156 corr,
576 3104 672 3154 Bacch.
691 3121 722 3156 m.
737 3105 777 3156 rt.
828 3108 861 3157 81
880 3107 1051 3158 Laumedon-

54 3171 176 3232 ‚trades
253 3175 286 3223 83
310 3174 433 3224 dextram
455 3190 525 3225 corr.
544 3189 578 3224 ca
601 3173 673 3222 detr-
755 3173 787 3224 85
811 3172 930 3224 Caetera
953 3173 1050 3225 Buect.

75 3242 222 3305 proposuit
239 3241 275 3290 Et
293 3257 342 3292 rex
393 3245 424 3292 91
444 3241 533 3292 foelix
550 3241 703 3304 Princepes
720 3257 789 3291 corr.
809 3240 865 3289 IM
913 3243 946 3290 93
965 3245 993 3294 et
1010 3240 1051 3289 ui·

79 3308 163 3358 ribus
181 3307 286 3357 indolis
305 3309 376 3374 alme
395 3317 549 3373 corruptum.
586 3311 666 3357 latere
684 3309 786 3358 uidetur
805 3311 854 3357 lale
874 3311 902 3356 et
919 3311 948 3356 tu
965 3307 1014 3357 lux

78 3376 116 3426 94
143 3375 313 3438 cognioscite
391 3379 424 3427 96
447 3376 544 3426 Ecuba
621 3377 653 3425 97
675 3377 797 3426 nutritur
877 3377 925 3425 102
949 3373 1052 3438 fratres

78 3458 155 3493 corr.
174 3441 272 3492 Bacch.
289 3459 320 3497 m.
337 3445 377 3493 rt.
435 3447 484 3494 104
502 3459 573 3494 mors
591 3458 660 3497 corr.
672 3441 689 3490 1
695 3443 727 3491 M
783 3443 829 3493 106
848 3441 964 3506 pallidis
982 3459 1051 3495 corr.

78 3509 138 3560 ΙΜ
209 3511 258 3560 108
276 3511 398 3574 negabat
409 3527 483 3566 corr.
502 3511 554 3561 IM

133 3599 267 3639 Drusorum
279 3601 390 3642 carmina.
833 3598 849 3646 3
