2474 3886
176 189 218 253 32
584 191 734 242 annuus

242 339 306 404 Pro
322 340 435 404 matris
450 339 593 404 thalamo
610 361 730 422 poenas
745 337 898 421 dependit
913 339 1067 404 Achilles.

193 436 227 484 50
244 423 338 488 Unde
354 424 434 488 haec
450 445 546 488 causa
561 423 649 487 fuit?
671 424 783 488 forsan
797 422 1005 487 Telamonius
1020 423 1106 488 Aiax

243 507 406 572 Sternitur
420 509 560 573 inuictus
577 507 663 590 quod
677 511 780 572 mater
793 507 918 571 reddita
931 529 999 571 non
1015 512 1064 572 est

243 591 385 657 Hesione
400 592 543 657 Priamo:
563 593 609 656 sio
624 595 673 655 est
687 591 763 655 data
777 613 874 654 causa
888 591 1030 675 rapinae.

245 675 310 740 Cur
326 677 438 773 gentes
455 676 595 741 cecidere
615 676 720 758 simul,
736 697 793 739 our
808 697 902 740 sexus
916 680 1050 759 uterque

245 759 396 825 Conc1dit
401 811 410 844 ,
426 760 545 824 infanti
559 760 668 824 nullus
684 764 758 842 post
772 760 857 824 bolla
870 760 1036 842 pepercit?

195 856 228 904 55
247 843 299 909 Sic
315 844 409 908 dolor
424 845 567 928 exsurgit
582 844 708 925 diuum,
724 845 769 908 sic
784 844 833 908 ira
847 843 996 926 polorum

245 928 358 994 Saeuit
373 930 406 992 et
420 933 563 992 errantes
578 929 652 992 talis
668 929 811 993 uindicta
827 928 974 992 coercet?
1008 937 1011 941 ’

247 1011 456 1095 Compellunt
471 1013 586 1076 audere
602 1013 708 1076 uirum
723 1012 800 1095 fata,
816 1012 916 1095 impia
929 1011 997 1076 fata

247 1095 335 1171 Quae
352 1097 437 1160 flecti
453 1097 647 1180 quandoque
662 1101 801 1181 negant,
817 1097 933 1180 quibus
949 1097 1044 1160 obuia
1058 1118 1155 1162 num·

916 1202 990 1244 uam

245 1263 310 1329 Res
328 1286 550 1348 quaecumque
564 1267 665 1348 uenit,
680 1265 752 1349 quis
768 1265 882 1329 semita
894 1203 989 1328 115115
1001 1269 1134 1329 tenetur

200 1362 233 1410 00
252 1348 357 1413 Obuie
370 1350 445 1414 dum
457 1350 602 1433 ueniunt,
610 1351 725 1434 quibus
734 1350 842 1419 omnia
853 1349 961 1413 clausa
971 1352 1153 1431 patescunt.

97 1434 129 1488 11’·
145 1431 179 1484 ³⁹¹
245 1434 320 1498 Iam
335 1455 415 1519 grex
429 1435 587 1516 horretur,
603 1434 711 1498 fontes
726 1455 799 1497 casa
812 1454 931 1516 pascua
944 1432 1044 1496 siluae

248 1517 403 1582 Flumina
424 1540 499 1581 rura
513 1518 626 1601 pigent
640 1539 700 1582 noc
714 1519 823 1582 fistula
837 1516 938 1580 dulcis
953 1523 1088 1600 amatur,

249 1600 282 1666 N
284 1623 327 1666 05
343 1600 450 1684 placet
465 1600 598 1666 Oenone
614 1601 669 1666 sed
684 1603 748 1666 iam
763 1623 864 1686 prope
878 1602 982 1685 turpis
996 1601 1137 1666 habetur

249 1685 300 1749 Ex
316 1707 380 1766 quo
397 1685 532 1767 pulchra
547 1684 659 1750 Uenus
674 1687 772 1750 talem
787 1686 937 1769 promisit
952 1686 988 1749 in
1001 1685 1059 1750 Ida

201 1783 233 1831 05
252 1767 364 1844 Qualis
380 1769 466 1832 nuda
480 1770 557 1833 fuit:
572 1772 671 1835 talem
686 1771 752 1834 iam
766 1775 877 1854 pastor
891 1769 1031 1835 anhelat.
1225 1759 1226 1802 1

251 1852 391 1918 Sordent
405 1875 483 1918 arua
497 1855 568 1919 uiro
584 1859 659 1939 post
673 1855 778 1940 iurgia
801 1859 893 1919 tanta
908 1853 1048 1937 dearum,

251 1937 410 2021 Pergama
425 1939 493 2003 sola
507 1939 645 2024 placent,
661 1949 694 2003 et
709 1943 837 2005 moenia
851 1961 1003 2022 quaerere
1018 1938 1138 2004 Troiae

252 2019 345 2086 Mens
361 2025 393 2085 55
407 2022 476 2086 fata
490 2023 612 2088 iubent.
643 2024 785 2088 monitus
800 2023 891 2088 Paris
907 2024 1017 2088 omnia
1031 2028 1132 2088 norat

252 2105 407 2171 Blandita
420 2108 545 2173 nutrice
560 2131 650 2192 puer,
667 2129 730 2192 quo
747 2109 904 2193 sauguine
920 2111 1034 2190 cretus,
1222 2085 1223 2164 1

203 2203 237 2253 70
252 2190 315 2266 Qui
321 2211 433 2277 genus,
440 2192 655 2277 undedomus,
663 2193 856 2276 rapiensque
864 2191 1038 2276 crepundia
1045 2196 1161 2275 pastor

252 2277 430 2341 Troianum
446 2277 597 2360 carpebat
612 2278 682 2341 iter.
713 2278 768 2340 uix
783 2278 908 2341 uiderat
923 2298 1027 2341 arcem

253 2360 386 2443 Lassae,
404 2365 436 2424 et
450 2363 590 2424 intactae
604 2361 823 2443 procumbunt
837 2361 979 2426 culmina
993 2360 1093 2424 turris

252 2443 395 2527 Ingemit
410 2447 442 2506 et
456 2444 562 2526 tellus,
577 2445 661 2508 muri
676 2467 750 2528 pars
765 2449 852 2509 certa
866 2448 998 2529 repente

255 2527 405 2591 Oonoidit
420 2530 452 2591 et
467 2527 584 2592 Scaeae
598 2529 768 2594 iacuerunt
781 2529 894 2594 limina
908 2533 1029 2613 portae,

206 2621 238 2670 75
257 2610 348 2674 Τ550
364 2608 631 2678 Simoissicoauit
645 2630 753 2698 aquas,
770 2614 955 2697 crystallina
969 2612 1097 2678 Xanthi

255 2693 414 2758 Fluminis
428 2695 515 2760 unda
528 2698 632 2782 rubet,
648 2699 741 2763 sudat
754 2702 883 2781 pastore
899 2698 1085 2782 propinquo

256 2777 437 2842 Palladium
452 2782 506 2844 uel
521 2786 636 2865 sponte
651 2783 771 2847 cadunt
785 2783 955 2847 simulacra
969 2781 1154 2848 Mineruae.

255 2861 353 2927 Forte
369 2861 436 2928 dies
450 2866 615 2930 sollemnis
631 2870 700 2931 erat
714 2888 778 2951 quo
794 2866 952 2952 Pergama
966 2869 1073 2931 rector

261 3002 294 3050 49
314 2999 446 3066 dependit
464 3019 531 3054 corr.
550 3005 604 3053 IM
661 3007 693 3055 52
713 3006 779 3054 Esto
799 3020 831 3054 ne
851 3021 919 3054 corr.
932 3005 948 3054 I
954 3005 986 3054 M
1048 3004 1084 3055 53
1104 3021 1168 3056 oum

194 3081 276 3120 sexus
294 3083 362 3118 corr.
383 3069 398 3116 I
404 3069 438 3118 M
480 3072 514 3120 54
530 3072 706 3137 perpepereit
754 3073 787 3120 56
807 3074 909 3122 coeroit
926 3081 954 3122 ut
970 3073 1075 3122 uidetur
1094 3090 1168 3126 corr.

195 3152 231 3186 ex
249 3139 360 3185 coerect
378 3151 446 3186 corr.
467 3137 484 3186 I
489 3137 522 3186 M
565 3141 597 3189 59
616 3144 709 3190 tuetur
728 3140 823 3190 Bacch.
841 3156 872 3193 m.
884 3141 923 3208 rlr.
984 3141 1016 3188 62
1035 3149 1170 3193 armatur

195 3217 264 3253 corr.
287 3202 342 3252 IM
424 3207 457 3256 63
481 3219 600 3256 oenones
628 3208 682 3256 iam
713 3221 809 3270 prope.
847 3223 917 3271 quae
940 3208 994 3256 iam
1021 3219 1170 3269 postremas

195 3270 213 3319 I
218 3270 251 3319 M
317 3271 349 3319 66
368 3271 457 3336 origia
475 3288 510 3322 ecc
527 3275 624 3338 aregio
642 3275 744 3324 uidetur
761 3282 902 3324 correctum
921 3289 989 3326 corr,
1005 3274 1024 3323 Ι
1028 3275 1061 3324 Μ
1139 3281 1171 3328 70

197 3337 276 3398 Quod
295 3353 381 3401 genus
403 3339 416 3387 I
422 3339 453 3388 M
520 3341 552 3389 73
572 3338 660 3403 certa]
685 3342 757 3390 malie
775 3357 824 3404 quo
843 3343 1018 3404 loousaliqur'r
1035 3344 1169 3408 ,05ρηὶ1555-

197 3409 238 3450 tur
256 3419 343 3453 nomen
364 3407 498 3469 proprium
567 3407 599 3454 74
617 3406 721 3456 lumina
739 3422 810 3457 corr.
828 3406 882 3455 IM
950 3408 982 3457 75
1006 3409 1171 3464 cristallina

196 3470 274 3518 renti
320 3473 353 3522 ‘18
372 3471 499 3522 solemnis
517 3487 552 3520 ex
570 3472 712 3521 sollemnis
729 3487 823 3521 rasura
840 3479 959 3522 nudatum

510 3735 814 3804 M.
