2468 3888
200 221 243 286 90
417 215 422 226 ’
565 219 804 276 SATISE'AOTIO

305 371 368 437 Hic
383 395 456 439 reus
472 378 504 439 et
519 375 630 440 doctus
646 373 855 440 Uineemalos
869 373 984 440 fuerat.

262 457 295 522 N
297 480 340 522 cn
354 457 487 524 laedunt
501 459 617 524 delicta
632 459 742 542 deum,
758 459 814 524 scd
827 459 963 524 laeditur
977 461 1079 524 auctor

299 543 350 606 ·Ni
365 547 495 626 peccata
510 543 621 608 dolens
660 543 801 608 aeniteat
816 544 952 608 sceleris.

199 637 250 687 305
266 625 328 702 Qui
343 629 448 710 poscit
462 628 522 692 hac
536 629 607 714 lege
645 650 718 692 eum
733 631 770 692 ut
782 632 916 712 peccata
930 628 1053 710 relaxet,

306 711 412 777 Debet
427 713 542 796 etipse
557 734 616 778 suo
631 733 761 795 parcere
776 713 895 796 ubique
911 733 975 778 reo.

263 795 295 861 N
297 818 340 860 on
355 798 453 862 semel
467 797 594 882 ignosci
609 797 690 860 dixit
704 797 756 862 lex
771 801 881 863 sancta
895 801 1025 879 reatum,

308 879 369 945 Sed
384 883 534 964 quotiens
549 881 644 964 culpa
658 885 707 945 est
721 882 763 945 sit
777 882 897 946 totiens
912 882 1017 946 uenia.

264 963 378 1028 Dicam
393 967 544 1050 regnanti
560 966 691 1030 domino
705 967 760 1048 pia
774 967 874 1030 uerba
888 966 1071 1050 prophetae:

199 1061 251 1111 310
309 1048 396 1114 ‘Etsi
410 1051 542 1134 peccaui
557 1072 628 1114 sum
642 1054 752 1114 tamen
766 1051 835 1133 ipse
850 1054 946 1114 tuus’.

265 1131 317 1197 Da
331 1134 470 1218 ueniam,
485 1137 635 1198 miserere
650 1156 773 1218 precor,
790 1155 937 1199 succurre
953 1131 1083 1220 roganti,

306 1216 449 1283 Pristina
463 1219 628 1283 sufficiant
642 1220 777 1283 uerbera
791 1219 899 1284 uincla
915 1220 1025 1284 fames.

265 1299 428 1367 Sessorem
443 1303 519 1367 dum
535 1304 638 1386 carpit
652 1304 714 1368 iter
729 1304 756 1367 si
771 1324 890 1368 cornea
903 1303 1035 1388 pulsans

307 1385 440 1472 Ungula
455 1389 619 1454 concutiat
634 1388 904 1471 quadrupedantis
920 1389 1006 1472 equi,

202 1483 252 1532 315
268 1469 411 1536 Uerbere
427 1474 599 1558 corrigitur
614 1472 708 1555 culpa
721 1471 883 1556 plectente
897 1473 1044 1557 flagello:

306 1555 339 1621 N
341 1578 385 1620 011
399 1557 495 1621 simul
510 1557 625 1621 abscisi
641 1579 733 1620 crura
746 1557 907 1640 pedesque
922 1557 1037 1622 iacent.

312 1708 456 1792 Explicit
473 1709 655 1776 satisfactio
675 1711 842 1776 Dracontii
860 1709 902 1776 al
916 1709 1099 1779 Guthanun-

268 1794 340 1861 lun
362 1793 469 1880 regen
489 1797 732 1901 Guanlalcrun
743 1798 816 1865 lum
835 1801 919 1865 esset
936 1801 973 1866 in
991 1795 1122 1866 uinculis.

268 1988 318 2037 302
336 1985 424 2038 Uinco
443 1989 530 2040 malos
549 1991 600 2040 uid.
620 1993 727 2041 indicem
739 1989 915 2041 Uincomaluu
928 1991 1059 2041 Areualus
1109 1983 1142 2034 ³0l

200 2054 235 2114 ‘'f-
254 2053 347 2105 March.
367 2057 399 2106 18
417 2071 448 2111 21.
462 2073 487 2112 aa
508 2059 688 2114 Luc.1‘le.4
755 2061 804 2109 310
827 2054 902 2123 Etsi]
927 2062 955 2107 et
977 2058 1080 2108 deleuit
1097 2067 1143 2103 mur·

199 2137 253 2171 rec.
276 2123 309 2185 cf.
331 2123 449 2188 Septem.
470 2128 531 2180 152
608 2128 658 2177 313
678 2133 740 2190 post
762 2127 787 2174 si
810 2128 905 2190 emique
927 2128 1008 2176 litura
1027 2127 1032 2190 Ι
1050 2122 1143 2192 palpant

200 2205 268 2244 corr.
281 2192 409 2244 Arenata
471 2197 521 2246 316
540 2194 657 2244 abscissi
675 2195 803 2244 Areuulue
871 2193 988 2244 Ceterum
1005 2196 1099 2244 ultimae
1112 2203 1144 2252 pu·

198 2259 275 2321 picae
292 2261 352 2311 inde
370 2279 387 2312 u
404 2278 480 2312 uersu
492 2265 541 2314 307
563 2265 655 2312 literae
669 2263 766 2325 partim
778 2263 903 2312 succidae
921 2262 1029 2324 difficile
1046 2262 1145 2324 repaus-
