2468 3888
468 229 637 284 ANNIANV
639 229 665 283 S.
1012 224 1054 289 35

90 415 141 458 sae
167 392 230 457 viri
264 392 397 457 summis
429 392 629 475 assiduisque
654 390 802 456 laudibus
828 391 889 456 hos
917 391 1054 490 Vergilii

89 500 198 543 versus
219 477 383 561 ferebant,
406 479 522 561 quibus
544 477 726 543 Volcanum
748 481 782 540 et
802 475 963 542 Venerem
985 501 1055 542 run-

89 567 156 628 otos
178 562 359 646 mixtosque
373 563 443 626 iure
458 562 554 627 coniu
582 562 618 646 '',
640 583 709 626 rem
730 562 802 648 lege
823 565 957 627 naturae
980 585 1054 647 ope-

87 647 245 731 riendam,
274 646 455 712 verecunda
482 669 525 731 qu
567 669 619 711 am
646 647 858 712 translatione
883 649 1054 713 verborum

88 755 159 797 eum
182 730 365 797 ostenderet
386 731 682 816 demonstraretque
703 731 854 815 protexit.

149 817 321 882 Annianus
350 819 447 900 poeta
474 817 510 880 in
542 816 643 881 fundo
671 837 744 900 suc,
782 838 877 900 quem
907 817 942 881 in
974 838 1052 902 agro

86 901 213 966 Falisco
240 900 441 985 possidebat,
470 901 592 988 agItare
619 905 689 966 erat
715 900 828 966 solitus
860 900 1054 966 vindemiam

84 985 187 1052 hilare
209 989 305 1070 atque
328 987 514 1051 amoeniter.

146 1071 253 1157 Igitur
273 1070 328 1136 hic
349 1071 399 1134 vir
414 1093 510 1155 quem
532 1074 565 1135 et
584 1071 797 1135 litteratorem
811 1074 956 1135 veterum
978 1073 1052 1136 scri-

85 1160 214 1240 ptorum
226 1177 300 1220 oum
311 1155 424 1240 primis
436 1156 598 1220 curiosum
611 1155 795 1239 pariterque
809 1159 939 1239 poetam
953 1155 1052 1221 fuisse

85 1241 183 1306 tradit
205 1239 329 1306 Gellius
350 1241 479 1324 scripsit
500 1240 610 1324 idyllia
632 1240 748 1323 quibus
776 1240 891 1305 ruralis
914 1242 980 1305 vita
1002 1241 1053 1306 de-

84 1327 270 1412 pingeretur
291 1325 415 1391 incerto
437 1325 594 1391 librorum
614 1346 766 1408 numer03
789 1346 849 1389 nec
864 1325 951 1389 enim
966 1327 1052 1410 quic-

85 1433 182 1496 quam
204 1409 325 1475 efficias
346 1431 441 1476 versu
463 1409 649 1475 Terentiam
673 1409 765 1474 1820.
808 1408 866 1474 llis
889 1410 927 1474 de
949 1410 1051 1476 fundo

84 1497 139 1561 illo
171 1496 207 1560 in
235 1494 434 1560 Faliscorum
466 1499 554 1560 terra
594 1495 656 1559 sito
687 1493 820 1558 Faliscis
849 1516 970 1559 nomen
1001 1497 1050 1560 in-

84 1580 172 1647 didit.
217 1578 367 1646 Oeterum
397 1580 448 1643 his
480 1601 675 1664 quamquam
706 1578 793 1643 haud
825 1577 921 1644 dubie
953 1580 1050 1644 etiam

83 1666 205 1730 inserta
224 1665 315 1730 fuere
337 1665 457 1730 erotica
479 1664 629 1749 carmina,
645 1662 730 1728 idem
751 1667 860 1729 tamen
882 1685 1050 1751 argumen-

83 1755 152 1815 tum
179 1750 319 1834 propriis
340 1748 614 1814 Fescenninorum
642 1749 803 1846 opusculis
829 1749 1050 1816 videturesse

83 1838 276 1919 persecutus.
318 1833 405 1900 Nam
424 1834 598 1918 Ausonius,
622 1856 678 1917 qm
698 1834 786 1898 solus
808 1856 919 1900 eorum
941 1837 1050 1900 memi-

83 1921 132 1986 nit
153 1921 190 1984 in
211 1919 340 2006 epilogo
363 1919 508 1984 centonis
530 1918 684 2002 nuptialis
713 1917 777 2004 [pg.
795 1919 859 1982 214
881 1921 929 1984 ed.
952 1919 1049 2018 Bip.],

83 2006 271 2070 Annianum
304 2007 461 2069 memorat
487 2004 573 2068 inter
603 2024 658 2067 eos
690 2006 851 2086 auctores,
886 2005 942 2088 qui
971 2008 1050 2069 totis

82 2091 173 2155 libris
194 2089 346 2154 lascivam
367 2088 576 2153 tractaverint
596 2087 772 2152 materiam.

143 2173 347 2240 Difficillime
373 2177 422 2238 est
449 2173 593 2257 quaestio
623 2171 661 2236 de
689 2169 809 2236 Sereno
831 2173 976 2239 Anniani
1004 2194 1050 2237 se-

83 2264 215 2343 ctatore,
238 2280 335 2343 quam
355 2262 465 2323 tamen
486 2258 584 2344 longe
612 2256 705 2321 aliter
727 2256 955 2340 expediendam
977 2279 1050 2322 cen-

82 2367 134 2410 seo
159 2365 197 2409 ae
217 2344 324 2408 visum
345 2348 394 2409 est
407 2342 627 2426 Lachmanno,
649 2341 706 2426 qui
721 2340 871 2406 disseruit
885 2341 924 2406 de
945 2343 1050 2426 poetis

82 2428 318 2580 ttulit
335 2425 1050 2578 tbilbbttttfflttditatu

81 2600 172 2663 mina
192 2597 358 2682 adscribit,
386 2597 473 2747 qpod
500 2618 602 2694 genus
623 2596 782 2681 poematis
803 2597 973 2681 postmodo
995 2595 1049 2662 Se-

82 2683 214 2768 ptimius
236 2680 375 2748 Serenus
424 2681 529 2747 alisols
556 2683 622 2747 suis
643 2682 857 2746 renovaverit.
902 2680 964 2747 Sed
985 2683 1050 2766 pri-

81 2791 171 2834 mum
199 2768 344 2832 omnium
370 2767 556 2832 testimonia
586 2770 732 2831 veterum
760 2766 877 2851 quibus
904 2767 1050 2854 tangitur

81 2875 145 2938 res,
175 2852 214 2917 de
241 2873 304 2936 qua
332 2852 453 2939 agitur,
482 2872 555 2916 cum
577 2873 654 2915 cura
674 2851 890 2935 expendenda.
934 2851 1047 2936 Itaque

82 2938 167 3024 apud
189 2936 261 3002 Ter.
284 2959 335 3001 vv.
360 2937 441 3002 1988
462 2959 531 3021 sqq.
554 2936 634 3000 haec
655 2935 822 3021 legrmtur:

145 3021 270 3108 syllaba
289 3025 454 3105 praeterea
474 3042 609 3086 numero
632 3020 857 3104 superadditur
876 3020 940 3085 isti.

144 3129 215 3173 non
234 3106 334 3172 refert
355 3107 473 3192 qualis,
496 3127 569 3172 cum
591 3106 634 3170 sit
654 3126 804 3190 suprema
823 3107 940 3170 lutura.

144 3193 209 3257 hoc
229 3191 330 3258 refert
351 3212 442 3275 sane,
464 3191 571 3256 brevio
592 3193 630 3254 ut
650 3191 848 3274 paenultima
868 3191 941 3272 fiat,

146 3277 260 3342 ultima
282 3297 363 3376 quae
385 3279 487 3341 metro
509 3276 573 3341 fuit
593 3275 655 3340 hoc
677 3275 810 3339 inventa
831 3273 952 3341 Sereni.

147 3384 224 3426 nam
246 3361 338 3447 lyrici
360 3361 509 3445 quotiens
531 3383 589 3425 sua
608 3361 724 3425 volunt

147 3447 290 3512 carmina
309 3467 368 3531 per
387 3445 493 3510 varios
516 3445 591 3510 dare
613 3467 723 3528 sonos,

148 3532 294 3617 pluribus
316 3531 373 3596 illa
393 3530 496 3596 modis
517 3531 564 3595 ita
584 3535 716 3596 novant.

806 3647 843 3702 3*
