2474 3886
197 151 240 218 64
489 137 493 146 ’
619 151 748 203 nunna

201 316 250 366 120
263 302 385 368 ‘Natus
397 265 506 366 idest'
522 301 629 384 inquit
650 301 780 364 ‘multis
795 301 859 364 iarn
874 301 1038 389 spargitur
1053 323 1110 367 aer

263 387 430 468 FloribuS,
446 386 605 450 ambrosio
622 388 728 450 totum
743 386 880 469 respirat
895 384 1022 450 odore)

113 489 194 542 [1181]
265 470 353 536 Dum
367 471 512 554 loquitur
526 469 647 534 lasciua
661 467 787 552 Uenus,
804 469 895 534 uenit
911 491 982 534 ecce
998 468 1124 554 Cupido

266 555 417 620 Fessulus
433 559 465 618 et
479 555 602 640 gremio
618 554 729 616 matris
744 553 882 618 libratur
898 553 1054 618 anhelans

267 639 338 715 Quo
354 660 499 703 sessurus
514 642 594 703 erat.
623 659 718 722 quem
733 639 881 720 protinus
896 637 953 701 illa
967 638 1133 704 uolantem

205 736 255 786 125
269 724 414 807 Occupat
429 727 461 786 et
475 722 579 787 cri-nes
596 723 762 806 componit
775 727 879 786 mater
894 723 1008 786 Amori

267 811 316 872 Ac
353 829 466 871 uerum
482 807 649 890 complexa
663 807 754 870 fouet
769 805 847 870 dans
864 806 972 870 oscula
985 810 1074 870 nato.

269 830 483 958 Sieilandtta
497 891 599 954 iubet:
624 890 754 973 ‘Pyrois
770 911 860 954 mens
875 891 973 974 ignea
987 889 1101 955 mundi

268 978 376 1060 Atque
395 996 498 1058 uapor
512 973 648 1038 fecunde
662 974 744 1058 poli,
761 975 918 1038 successio
934 996 1056 1058 rerum,

267 1060 413 1124 Affectus
429 1063 546 1123 natura
559 1079 662 1144 genus
676 1058 751 1123 fons
768 1063 880 1124 auctor
895 1059 1001 1143 origo,

207 1157 257 1205 130
268 1143 318 1208 Tu
332 1143 419 1207 uitae
434 1143 572 1208 fecunda
587 1143 672 1208 salue
688 1147 724 1206 tu
740 1142 858 1206 blanda
872 1142 1023 1225 uoluptas

270 1228 320 1293 Tu
335 1227 484 1311 princeps
499 1228 645 1311 pietatis,
661 1229 779 1308 Amor,
801 1230 833 1291 te
850 1227 1007 1311 praeduce
1022 1225 1143 1291 mundo

269 1313 446 1376 Alternant
460 1312 619 1376 elementa
633 1311 719 1376 uices
735 1314 768 1374 et
781 1332 850 1375 non
864 1311 951 1394 perit
965 1311 1061 1394 orbis,

271 1396 352 1462 Cum
367 1400 502 1480 pereant
517 1417 736 1479 quaecumque
751 1401 848 1478 creat,
871 1417 931 1460 nec
948 1395 1049 1459 sentit
1067 1393 1171 1458 adem-

216 1511 218 1516 ·
919 1482 1016 1562 ptum

272 1563 428 1628 Successu
443 1563 596 1627 redeunte
611 1584 708 1627 nouo.
739 1563 830 1628 uenit
845 1584 919 1628 ecoe
934 1583 1075 1627 nouerca

210 1660 260 1710 135
270 1649 310 1712 In
325 1648 474 1712 manibus
489 1647 554 1710 iam
567 1646 650 1711 Iuno
666 1647 746 1711 meis
762 1647 959 1730 supplexque
974 1647 1117 1711 locatum

275 1731 363 1806 Quae
378 1732 508 1796 fuerant
523 1730 665 1814 optanda
679 1731 754 1794 tibi:
777 1729 891 1796 Medea
906 1729 1054 1796 sacerdos

275 1815 437 1901 Sacrilega
452 1836 535 1898 quae¹
549 1837 628 1879 uoce
643 1814 726 1879 solet
740 1815 932 1897 compellere
947 1815 1080 1897 caelum,

273 1899 399 1964 Inuitos
416 1899 518 1963 accire
534 1899 625 1983 deos,
641 1920 779 1983 urguere
794 1899 984 1982 Tonantem,

273 1983 360 2047 Dum
376 1983 525 2067 precibus
540 1983 700 2047 elementa
715 1984 820 2067 quat't
835 2005 922 2048 mare
941 1983 1045 2048 sidera
1059 1985 1162 2048 terras

213 2081 262 2132 140
273 2067 434 2133 Naturam
447 2068 576 2133 turbare
592 2067 703 2149 simul,
725 2073 781 2132 tua
796 2067 862 2131 tela
875 2067 1024 2132 medullis

274 2151 424 2238 Excipiat
437 2190 473 2200 -
487 2152 638 2219 hoquno
650 2153 733 2236 petit
746 2189 775 2200 „
787 2152 1000 2236 iuuenemque
1006 2151 1175 2235 Pelasgum

274 2237 400 2324 Diligat
417 2242 507 2322 optet
521 2241 607 2302 amet
622 2238 730 2320 cupiat
745 2237 886 2319 suspiret
900 2236 1038 2302 anhelet.

277 2320 441 2388 Sollicitus
457 2322 644 2385 tamen'ista
657 2343 736 2404 para
757 2323 932 2417 cautusque
948 2323 1125 2384 memento:

277 2405 423 2471 Medeam
438 2407 559 2468 fixurus
575 2405 666 2469 eria’
698 2405 744 2469 sic
758 2405 826 2470 fata
840 2403 958 2470 Drone.

214 2501 263 2550 145
274 2489 359 2553 Risit
374 2491 477 2554 Amor
498 2487 673 2572 matrisque
688 2489 761 2554 sinu
776 2509 809 2553 se
824 2489 986 2553 subtrahit
1000 2488 1076 2570 ales,

278 2571 408 2656 Spicula
424 2593 520 2636 saeua
534 2572 615 2657 legit
630 2573 746 2656 quibus
761 2573 840 2637 olim
856 2572 950 2637 Luna
963 2594 1022 2657 per
1036 2571 1165 2636 umbras

278 2657 445 2721 Pastorem
459 2657 624 2722 flammata
638 2662 736 2740 tenet,
752 2677 811 2722 nec
826 2657 965 2722 sustinet
978 2657 1071 2742 ignes

279 2740 372 2805 Luna
389 2740 585 2824 Cupidineos
601 2739 686 2806 Solis
701 2763 783 2826 quae
798 2741 936 2806 sustinet
951 2741 1062 2807 orbem

279 2824 324 2889 Mt
338 2824 450 2889 fratris
464 2826 561 2891 radiis
577 2829 752 2909 conceptus
768 2825 848 2890 lucis
863 2826 1004 2909 adoptat.

218 2920 268 2971 150
279 2908 351 2974 Hoc
367 2909 414 2973 ait
428 2909 630 2994 ignipotens:
648 2910 725 2974 ‘telo
741 2909 855 2973 Medea
869 2913 1029 2974 cremetur

280 2993 351 3070 Quo
362 2992 543 3076 Scythicam
556 2994 721 3059 succendit
731 3015 823 3059 amor
834 2994 1045 3077 dominaeque
1055 2991 1184 3056 fauillas

133 3092 165 3142 [r.
187 3090 221 3140 82]
287 3077 455 3142 Excutiam
472 3100 530 3161 per
543 3078 665 3162 templa
679 3078 808 3161 uolans,
824 3081 856 3141 et
870 3079 964 3163 uirgo
979 3079 1114 3142 cruenta

285 3303 333 3351 12⁷
353 3300 444 3351 Pirois
456 3303 620 3368 corruptelae
632 3303 705 3364 sr'pno
719 3305 831 3350 notatum
849 3307 874 3349 et
891 3301 979 3348 aerari
990 3298 1015 3361 M
1028 3307 1091 3350 nota
1107 3315 1187 3364 prue-

214 3370 272 3430 fica
291 3376 330 3418 cst
402 3369 448 3418 132
467 3365 559 3438 dusscea
576 3369 688 3428 uioeuy
759 3369 807 3416 133
825 3369 953 3430 suppleuit
972 3366 1069 3416 Boset.
1145 3369 1189 3418 135

218 3439 335 3484 uocatur
353 3451 423 3484 corr.
444 3434 539 3486 Bueclr.
610 3434 657 3482 151
677 3433 752 3494 Quos

582 3740 900 3822 ΛΑ
