2474 3886
141 144 183 208 62
511 145 642 195 11110111

204 296 315 358 Aeetis
330 294 465 360 immitis
477 293 589 358 forsan
603 292 792 357 mactandus
806 291 846 356 ad
861 313 942 356 aras.

156 392 190 440 oo
203 378 302 462 Eripe
318 379 483 466 captiuum
497 379 639 442 retinent
654 398 749 460 quem
763 376 852 440 mille
868 380 1008 458 catenae,

205 461 299 526 Mitte
313 463 535 546 pharetratum
550 482 695 546 puerum,
711 481 783 525 mea
797 459 912 544 Cyprio
917 509 926 544 ,
942 463 1108 544 Amorem,

53 545 84 596 1⁹·
98 548 132 598 u]
204 545 284 632 Igne
299 550 356 612 tuo
371 547 534 612 flammata
549 545 642 610 cedat
654 544 830 609 furibunda
843 545 967 629 uirago,

203 631 316 696 Discat
330 653 437 696 amare
450 631 551 715 furor,
567 630 698 694 tandem
712 629 756 692 sit
768 628 887 692 blanda
901 629 1058 713 sacerdos,

204 714 338 799 Templa
352 715 555 799 pharetratae
570 717 758 778 contemnat
771 713 864 797 uirgo
880 711 1014 796 Dianae,

156 811 189 860 01
204 797 370 882 Despiciat
384 799 517 864 delubra
532 799 618 862 deae.
644 798 722 862 lieet
736 799 906 862 immernor
920 799 1022 861 exstet

203 882 384 968 Religionis
398 905 489 947 amor
503 884 639 947 timeant
652 903 712 946 nee
726 881 851 946 fulmen
865 885 1020 964 amantea,

204 967 249 1031 Te
265 967 367 1031 solam
381 970 475 1051 putet
490 988 557 1031 esse
573 967 674 1050 deam,
687 971 721 1030 te
735 987 857 1030 numen
871 965 993 1049 adoret,

203 1051 249 1114 Te
263 1054 387 1116 metuat
399 1051 572 1117 metuenda
587 1051 668 1134 dein,
681 1054 714 1114 te
729 1050 849 1115 iudicet
864 1069 962 1113 unam

204 1133 307 1210 Quam
322 1157 408 1200 mare
424 1158 521 1220 quam
541 1135 637 1200 tellus
652 1155 748 1218 quam
769 1134 904 1199 numina
925 1137 1040 1198 cuncta
1060 1131 1108 1197 fa-

851 1221 961 1282 tentur

154 1313 188 1364 το
201 1301 341 1387 Imperio
357 1304 501 1369 subiecta
515 1307 572 1368 tuo
587 1325 645 1387 per
659 1302 780 1386 templa
794 1323 853 1387 per
867 1324 938 1366 arus

202 1386 283 1452 Esse
297 1389 502 1472 uoluptatum
517 1388 696 1468 dominam,
712 1408 792 1470 quae
808 1386 905 1451 corda
918 1387 1062 1470 parentis

202 1470 321 1537 Flectis
336 1477 369 1536 et
383 1476 514 1536 exutum
529 1471 594 1536 telo
610 1471 767 1536 candente
781 1470 964 1535 Tonantem

203 1554 368 1638 Despiciat
382 1577 433 1619 me
449 1576 543 1638 saepe
558 1554 649 1619 iubes
663 1577 723 1620 nec
738 1559 844 1620 castus
858 1554 1032 1638 Olympum

202 1638 382 1722 Destituat,
398 1639 441 1703 sit
454 1643 492 1702 ut
506 1639 609 1703 imber
624 1639 710 1723 olor,
725 1640 898 1704 bacchetur
912 1638 1048 1723 adulter,

154 1735 186 1783 'lt
201 1721 264 1787 Uel
280 1743 482 1806 quocumque
496 1743 603 1787 meum
617 1723 739 1806 placuit
752 1728 876 1788 mutare
891 1723 1052 1788 maritum

202 1806 280 1872 Non
295 1827 427 1890 queror:
444 1807 639 1872 Aesoniden
653 1812 781 1872 tantum
796 1811 871 1890 peto
886 1807 954 1871 filia
967 1809 1053 1892 regis

201 1889 234 1955 N
235 1912 298 1955 une
312 1895 399 1956 amet
414 1896 447 1956 et
460 1891 578 1976 laudet,
593 1913 670 1956 mox
683 1892 771 1956 hunc
785 1893 924 1976 suspiret
939 1891 1071 1956 anhelet

203 1974 305 2050 Quem
319 1979 460 2042 mactare
474 1980 581 2060 parat,
597 1975 704 2041 soluat
718 1976 841 2041 ceruice
857 1980 985 2041 catenas

202 2058 400 2143 Torpescens
415 2063 539 2124 armata
552 2082 676 2144 manue,
692 2061 745 2127 cui
759 2060 891 2125 brachie
905 2060 1023 2125 collum

153 2155 187 2204 80
202 2143 420 2230 Circumdent,
438 2151 591 2210 etmucro
607 2144 700 2210 cadat
713 2146 840 2210 ieiunus
855 2146 894 2209 ad
911 2153 1004 2208 arus.²

201 2226 346 2295 Finierat
360 2235 509 2296 matrona
522 2229 620 2294 Iouis.
650 2231 697 2294 sie
712 2251 785 2294 orsa
799 2228 922 2295 Dione:

203 2311 273 2378 ‘Me
288 2313 449 2378 Uenerem
464 2336 524 2397 me,
539 2314 632 2396 Iuno,
648 2313 738 2378 decet
752 2335 813 2398 me,
824 2313 944 2378 blanda
951 2332 1102 2396 nouerca,

200 2397 341 2481 Imperio
356 2419 468 2481 parere
483 2402 556 2461 tuo:
572 2397 650 2481 quid
662 2398 758 2481 plura
771 2397 965 2480 loquemur?

203 2479 350 2545 Oderunt
362 2501 434 2546 mea
449 2485 554 2546 caetra
567 2488 698 2546 moras?
727 2482 772 2546 sic
787 2481 855 2546 fata
870 2481 1008 2565 Cytherc

152 2576 185 2624 85
202 2563 334 2638 Quaerit
349 2565 556 2629 amoriferum
571 2587 628 2648 per
642 2569 712 2630 tota
726 2566 849 2630 rosaria
863 2570 985 2630 natum.

200 2647 260 2711 Ille
275 2647 350 2712 deas
364 2649 458 2732 ponti
472 2649 538 2714 telo
554 2649 740 2714 flammabat
755 2651 791 2714 in
806 2649 900 2714 undis

201 2731 357 2797 Maternis
372 2733 547 2798 submissus
562 2734 663 2817 aquic.
692 2733 900 2818 Hymenaeus
914 2734 954 2798 ad
969 2734 1061 2798 illum

201 2814 353 2882 Mittitur.
383 2817 459 2882 huie
474 2818 589 2883 fluctus
603 2817 747 2902 produnt
760 2818 959 2884 fumantibus
974 2816 1077 2882 undis.

206 3023 238 3071 69
257 3020 365 3072 Aetlios
386 3023 473 3072 uerrui
494 3025 656 3087 corruptelae
678 3031 740 3074 uota
760 3025 881 3086 praefixa
898 3028 938 3073 est
1005 3022 1038 3072 66
1056 3027 1101 3070 012

137 3093 195 3139 stet
212 3105 279 3142 corr.
298 3089 396 3142 Buect.
418 3104 497 3155 neque
516 3091 579 3140 enim
597 3089 665 3140 licet
686 3093 831 3154 partiendae
852 3090 1015 3141 iudicoduum
1033 3089 1101 3138 Dru-

137 3161 235 3208 000601
252 3157 378 3223 nubiuupil
394 3158 445 3206 uisi
461 3158 487 3206 iu
498 3157 628 3221 prioribus
646 3157 797 3222 carminibus
809 3173 873 3224 quae
891 3157 986 3222 puerili
1003 3157 1102 3206 calamo

136 3239 153 3272 u
169 3226 333 3287 pramruutico
351 3240 396 3275 suo
408 3226 516 3275 noudum
528 3227 592 3274 sutis
608 3227 737 3288 perpolito
754 3227 889 3290 scripsisse
907 3225 1009 3274 cudetur
1026 3230 1104 3288 atqcue

136 3290 202 3338 idem
219 3293 290 3342 cudit
307 3294 333 3342 iu
345 3290 546 3344 deliberatiuam.
564 3292 599 3354 cf.
611 3290 651 3339 IX
663 3293 712 3342 211
730 3293 783 3342 uid.
795 3293 902 3342 iudicem
953 3291 986 3342 66
1003 3290 1104 3342 timent

136 3371 204 3408 corr.
225 3356 321 3412 Buecl.
389 3360 423 3408 ⁷4
440 3359 581 3409 Destituet
598 3372 667 3410 corr.
680 3358 776 3408 Buect.
845 3360 878 3409 ⁷5
896 3357 1085 3423 quodcumque

137 3423 169 3472 ’16
187 3423 336 3474 Esonidem
394 3427 426 3476 '1⁷
446 3425 560 3476 anhelat
621 3424 654 3476 88
672 3425 744 3476 hune
762 3425 937 3480 mereor.
