2468 3888
157 201 181 265 6
529 205 738 260 NAMATIANI

158 383 207 431 175
223 367 339 435 Sedula
359 369 507 453 promisit
528 390 668 433 summos
690 369 845 433 instantia
865 369 976 434 fasces.

264 453 298 519 si
318 453 369 519 fas
390 457 440 518 est
460 453 582 519 meritis
604 453 715 538 fidere,
738 454 851 517 consul
873 455 943 518 erit.

220 538 364 604 Invitum
384 539 486 604 tristis
507 538 637 603 tandem
658 559 798 603 remeare
820 539 925 624 coegi:

263 622 405 708 Corpore
428 623 546 688 divisos
567 645 658 687 mens
679 627 788 687 tamen
809 645 875 687 una
894 627 993 689 tenet.

220 709 303 773 Tum
317 709 444 774 demum
464 708 504 772 ad
518 730 616 772 naves
631 708 775 792 gradior,
797 731 861 793 qua
874 707 982 773 fronte
996 709 1125 774 bicorni

159 807 207 856 180
263 793 421 858 Dividuus
443 793 567 857 'liberis
589 793 770 857 dexteriora
789 796 884 858 secat.

220 879 344 943 Laevus
366 877 535 942 inaccessis
556 878 672 942 fluvius
693 878 814 942 vitatu
835 879 958 961 arenis3

261 962 408 1046 Hospitis
428 963 557 1028 Aeneae
578 963 684 1048 gloria
705 963 773 1028 sola
794 966 913 1028 manet.

117 1124 123 1131 .
222 1048 267 1111 nt
287 1048 352 1111 in
373 1049 540 1112 nocturnis
562 1048 701 1132 spatium
722 1048 886 1112 laxaverat
906 1049 995 1112 horis

261 1131 411 1196 Phoebus
434 1131 605 1197 Chelarum
626 1132 796 1216 pallidiore
815 1133 901 1216 polo.

158 1229 206 1278 101
223 1215 417 1307 Cunctamur
436 1220 593 1302 temptare
615 1218 717 1281 salum
730 1221 897 1366 portuque
918 1217 1079 1301 sedemus,

261 1300 331 1366 Nec
351 1301 442 1386 piget
464 1325 506 1386 op
529 1302 620 1367 ositis
642 1303 710 1367 otia
745 1323 814 1366 erre
836 1302 949 1383 moris,

222 1385 362 1451 Occidua
382 1387 482 1453 infido
505 1325 581 1452 dum
603 1388 705 1453 saevit
725 1388 854 1473 gurgite
874 1386 975 1469 Plias,

265 1471 414 1555 Dumque
435 1473 606 1558 procellosi
627 1473 781 1557 temporis
802 1473 852 1536 ira
873 1471 963 1536 calet.

222 1555 414 1639 Respectare
435 1557 525 1621 iuvat
546 1558 684 1622 vicinam
706 1557 832 1642 saepius
853 1557 979 1640 urbem,

157 1654 207 1702 190
262 1641 307 1705 Et
327 1645 453 1706 montes
475 1641 546 1705 visu
568 1642 734 1706 deficiente
756 1642 862 1726 sequi3

224 1723 357 1810 Quaque
380 1725 474 1790 duces
497 1726 582 1791 oculi
605 1730 698 1811 grata
718 1727 850 1812 regione
871 1726 1037 1807 fruuntur,

261 1809 348 1874 Dum
370 1831 417 1894 se,
446 1810 532 1894 quod
553 1812 702 1894 cupiunt,
730 1832 859 1876 cernere
880 1831 975 1896 posse
995 1813 1125 1894 putant.

220 1894 289 1960 Nec
310 1895 400 1960 locus
421 1895 476 1959 ille
497 1895 578 1960 mihi
600 1897 804 1981 cognoscitur
825 1895 930 1961 indice
951 1894 1057 1977 fumo,

266 1977 330 2055 Qui
352 1979 498 2045 dominas
519 2001 607 2046 arces
630 1985 662 2045 et
684 1985 780 2065 caput
802 1981 888 2045 orbis
909 1981 1023 2062 habet3

160 2076 208 2126 res
224 2062 424 2150 Quamquam
438 2066 532 2152 signa
545 2066 625 2130 levis
640 2066 722 2130 fumi
736 2065 939 2131 commendat
951 2063 1127 2147 Homerus,
1224 2095 1225 2102 1

264 2150 398 2216 Dilecto
414 2151 563 2234 quotiens
585 2151 690 2236 surgit
710 2152 746 2215 in
767 2154 853 2216 astra
874 2150 961 2215 solo:

224 2233 286 2300 Sed
308 2236 387 2300 caeli
408 2237 504 2322 plaga
525 2236 690 2301 candidior
710 2239 894 2320 tractusque
916 2256 1046 2300 serenus

268 2319 382 2406 Signat
403 2321 543 2404 septenis
565 2322 706 2385 culmina
727 2321 813 2384 clara
833 2321 928 2405 iugis.

221 2404 293 2470 Illic
313 2406 461 2489 perpetui
483 2405 581 2488 soles,
605 2410 701 2490 atquo
722 2406 791 2488 ipse
813 2404 939 2470 videtur

161 2501 211 2551 100
270 2487 372 2564 Quem
393 2488 455 2552 sibi
477 2487 580 2552 Roma
601 2489 679 2555 facit
700 2490 812 2574 purior
832 2511 902 2554 1111
925 2489 1000 2554 dies.

221 2572 281 2638 Sao
305 2573 354 2636 ius
374 2572 532 2638 attonitae
553 2578 706 2640 resonant
728 2573 931 2640 Circensibus
953 2593 1062 2655 aures3,

296 2656 403 2720 untiat
423 2677 574 2724 accensus
595 2660 692 2742 plena
712 2660 840 2724 theatra
860 2660 961 2723 favor.

221 2741 354 2807 Pulsate
375 2745 472 2806 notae
493 2742 672 2809 redduntur
692 2746 733 2811 ab
755 2744 884 2809 aethere
905 2763 1018 2825 voces,

264 2825 328 2890 Vel
348 2826 424 2911 quia
445 2831 652 2913 perveniunt,
675 2829 727 2894 vel
749 2829 825 2914 quia
851 2828 947 2926 fingit
967 2847 1065 2893 amor.
1100 2843 1101 2846 ’

157 2924 207 2973 205
221 2911 398 2994 Expectata
418 2913 496 2978 fides
518 2915 625 2999 pelagi
646 2921 697 2978 ter
717 2915 859 2998 quinque
880 2912 1006 2996 diebus,

263 2995 350 3060 Dum
371 2997 485 3062 melior
505 2999 600 3064 lunae
622 3019 656 3062 11
678 2999 769 3064 daret
789 3019 867 3063 aura
887 3019 1001 3062 novae.
1221 3041 1222 3074 ;

221 3081 304 3144 Tum
326 3079 521 3146 discessurus
544 3083 657 3148 studiis
679 3083 815 3167 urbique
837 3083 966 3147 remitto

264 3164 459 3248 Palladium,
482 3169 609 3251 generis
631 3187 783 3252 spemque
806 3167 965 3252 decusque
986 3165 1060 3230 mei.

224 3249 395 3314 Facundus
416 3250 543 3314 iuvenis
565 3251 732 3315 Gallorum
753 3273 856 3335 nuper
877 3253 918 3317 ab
940 3251 1024 3316 orris

157 3343 208 3394 210
265 3332 399 3418 Missus,
421 3332 559 3397 Romani
581 3335 701 3398 discere
723 3336 888 3401 iuratori.

223 3413 282 3477 Ille
304 3437 393 3480 meae
415 3437 523 3480 secum
544 3415 728 3480 dulcissima
748 3420 878 3483 vincula
899 3441 1008 3502 curae,

264 3495 366 3562 Filius
388 3501 517 3579 affectu,
540 3499 639 3582 stirpe
660 3502 875 3587 propinquus,
897 3503 1011 3568 habet:
1101 3595 1105 3602 ι

308 3793 443 3842 1..
488 3791 610 3844 Α
