2474 3886
466 191 533 242 V111
552 193 686 242 300-362

156 340 226 406 Nos
241 344 275 405 et
289 340 467 406 adoramus.
497 361 566 405 non
581 339 627 404 sic
642 340 669 404 si
683 339 781 404 Troia
795 343 940 405 maneret

156 425 189 490 N
190 426 303 490 uberet
318 424 469 490 Hesione.
496 444 633 508 regnum
647 424 776 506 captiua
790 429 944 509 meretur,

156 508 211 574 nie
224 508 304 575 felix
318 508 357 573 de
372 512 457 574 sorte
472 509 573 592 male,
589 509 626 572 fit
640 508 759 592 praeda
772 511 930 592 potestas,

92 607 144 656 335
156 593 332 676 Imperium
346 593 386 657 de
402 592 490 658 clade
505 598 609 676 tenet,
626 592 771 657 diadema
785 592 901 656 tiaram

158 676 222 752 Qui
233 677 310 742 tulit
319 678 388 761 ipse
400 677 496 742 dedit.
523 699 605 761 quae
619 679 662 742 sit
673 699 752 763 gens
763 676 925 760 Dardana,
940 680 1057 762 rector,

157 761 286 827 Exhinc
299 783 396 826 nosce
410 783 539 844 precor:
561 763 665 827 nescit
679 761 800 826 seruire
816 762 948 826 subacta
1065 781 1096 830 [r.
1111 779 1147 832 n]

159 844 262 921 Quam
277 845 391 910 melius
405 867 540 931 regnare
555 846 661 930 decet,
676 846 756 912 haec
770 845 909 928 imperat
922 845 1021 932 Argis

157 929 221 994 Per
235 951 316 1014 quos
330 930 417 994 uicta
430 931 524 1013 perit,
540 930 704 996 dominam
720 931 780 994 sibi
793 929 927 994 Graecia
941 929 1058 994 uictrix

93 1027 145 1076 340
155 1013 234 1080 Non
248 1014 402 1078 famulam
413 1015 573 1098 quaesiuit
586 1037 697 1080 ouans.
721 1015 868 1079 miranda
878 1036 936 1098 per
947 1016 1058 1079 orbem

157 1097 251 1162 Mens
267 1119 423 1182 generosa
437 1098 526 1163 ducis
542 1121 623 1182 quae
638 1121 705 1164 non
720 1098 793 1163 uult
808 1121 909 1184 regna
923 1121 1057 1185 grauare

158 1182 241 1247 Cum
256 1183 381 1247 ruerint
394 1183 515 1247 uirtute
529 1187 594 1248 tua.
624 1184 766 1248 releuare
782 1183 922 1248 iacentes

158 1265 204 1330 Et
217 1287 310 1350 reges
324 1287 459 1352 regnare
474 1267 564 1330 iubes
578 1289 734 1352 regesque
750 1288 857 1332 creare

157 1349 245 1414 Dum
259 1355 393 1435 possent
406 1352 527 1415 seruire
543 1351 613 1416 tibi.
645 1373 714 1416 sors
729 1373 819 1416 cassa
832 1351 931 1414 duelli

92 1447 142 1496 ³45
154 1434 202 1498 Te
215 1434 401 1500 moderante
415 1439 511 1500 uacet
524 1456 583 1500 nee
599 1439 736 1518 possunt
750 1435 836 1500 bella
849 1456 975 1500 nocere.

156 1519 203 1584 Te
218 1519 368 1584 uincente
382 1524 499 1602 potens
516 1520 588 1604 quis
604 1520 689 1584 nolit
704 1521 809 1584 uictus
824 1519 859 1583 in
875 1520 972 1584 ermis

158 1602 252 1667 Sorte
266 1607 323 1668 tua
336 1608 412 1687 post
425 1604 510 1668 belle
525 1605 620 1688 capi?
650 1605 706 1689 qui
720 1604 836 1669 uicerit
850 1605 953 1668 hostis

158 1685 284 1752 Seruiet
299 1692 332 1752 et
346 1688 425 1752 uicti
439 1688 554 1754 melius
567 1694 601 1753 te
615 1689 762 1772 praesule
776 1692 941 1774 regnent)

156 1771 246 1836 Haec
260 1772 386 1856 legatus
400 1773 455 1837 ait.
485 1774 572 1858 regis
586 1775 651 1838 iam
666 1774 762 1839 corda
776 1777 945 1856 tepescunt

91 1867 143 1918 350
157 1854 246 1930 Quae
260 1856 390 1921 fuerant
405 1878 538 1922 aceensa
554 1859 659 1924 minis.
690 1859 736 1922 sic
751 1879 869 1942 magna
883 1858 987 1922 leonis

155 1939 209 2003 Ira
222 1939 332 2005 fremit
346 1962 419 2004 cum
434 1942 501 2006 late
515 1943 628 2024 procul
643 1942 805 2006 uenabula
820 1963 953 2006 cernens
1038 1975 1041 1982 f

157 2021 316 2088 Uenantis
331 2026 469 2108 crispare
484 2048 583 2090 manu
598 2027 662 2090 iam
677 2027 812 2091 uerbera
826 2026 944 2090 caudae

155 2106 297 2173 Naribus
311 2109 471 2174 incutiens
486 2111 610 2194 spargit
623 2131 681 2193 per
695 2109 780 2175 colla
793 2131 852 2192 per
866 2131 972 2174 armos

155 2191 275 2257 Erecta
288 2194 412 2258 ceruice
427 2195 519 2258 iubes
527 2245 536 2277 ,
551 2195 617 2258 iam
631 2194 775 2258 tenditur
789 2194 874 2256 altus

87 2287 141 2337 355
154 2275 314 2341 Dentibus
328 2278 433 2342 inlisis
449 2282 481 2342 et
494 2283 606 2362 peetus
622 2277 742 2362 grande
757 2277 912 2361 remugit,

155 2359 307 2425 Flumine
320 2366 398 2425 tunc
408 2366 571 2444 resonant,
587 2365 714 2426 montes
726 2365 760 2426 et
769 2361 872 2424 lustra
882 2360 1056 2426 resultante

156 2445 219 2507 Ast
233 2445 288 2508 ubi
303 2450 440 2510 uenator
453 2447 573 2512 reiecta
588 2445 718 2530 cuspide
734 2444 847 2512 sollers

157 2526 280 2610 Sponte
295 2530 381 2593 cadit
396 2552 581 2614 pronusque
596 2532 694 2614 iacet,
710 2531 795 2614 perit
809 2530 858 2594 ira
872 2530 975 2594 leonis

157 2611 263 2696 Turpe
278 2618 397 2697 putans
411 2637 479 2679 non
494 2614 589 2680 dente
604 2637 663 2680 suo
679 2615 706 2680 si
720 2614 840 2698 praeda
853 2615 985 2698 iacebit,

86 2708 141 2758 360
155 2695 284 2760 Temnit
298 2699 417 2781 praedo
435 2700 523 2764 cibos
539 2721 619 2783 quos
634 2721 702 2764 non
716 2699 795 2763 facit
809 2700 878 2782 ipse
893 2699 1028 2764 cadauer
1064 2719 1095 2768 [r.
1110 2720 1145 2768 on

156 2780 331 2929 [finoscens
346 2783 475 2848 feritate
489 2784 545 2866 pia
558 2785 685 2848 ueniale
700 2786 808 2848 reatus

190 2870 303 2930 enator
317 2867 345 2930 si
360 2873 462 2932 cesset
477 2869 572 2932 iners.
603 2869 649 2932 sic
663 2871 770 2932 rector
783 2867 929 2932 Achiuus

158 3055 208 3104 333
227 3054 343 3105 meietur
406 3058 456 3107 334
474 3056 559 3106 foelix
623 3057 672 3106 342
691 3054 757 3105 Cum
776 3056 883 3106 rucrint
899 3057 991 3107 uritur
1007 3059 1057 3108 tue

85 3118 217 3170 releuare
236 3137 303 3171 corr.
319 3122 415 3172 Buect.
468 3126 519 3174 344
536 3124 640 3173 seruile
658 3140 726 3176 carr.
746 3123 763 3173 1
769 3124 802 3173 M
851 3126 900 3174 351
917 3125 980 3186 sorr.
997 3138 1057 3173 cer-

85 3192 140 3237 net
158 3189 208 3236 nisi
224 3205 314 3238 uersas
331 3193 430 3239 eaeoidit
484 3193 535 3241 350
552 3191 634 3242 nimis
649 3207 717 3242 corr·
729 3190 825 3242 Bueed.
878 3191 928 3240 352
945 3204 1055 3239 manum

85 3254 105 3302 Ι
110 3253 143 3304 Μ
161 3262 189 3303 at
205 3257 327 3319 conferas
344 3258 451 3307 iadicem
468 3274 489 3307 s.
502 3276 527 3310 a.
547 3259 665 3322 crispare
721 3259 772 3309 353
790 3255 922 3322 Naribus]
942 3257 1054 3307 natibus

83 3338 107 3388 I
110 3337 145 3388 M
153 3346 233 3390 metro
245 3348 411 3404 repupaante.
431 3344 555 3406 temptaui
566 3342 693 3393 clunibus
736 3344 786 3393 350
798 3321 884 3408 predi.
896 3337 900 3404 Ι
912 3341 980 3392 feeit
992 3357 1055 3392 eoa·

81 3406 161 3522 [lappa
172 3421 271 3456 uersum
283 3413 417 3472 repertam
429 3412 454 3458 a'a
467 3409 651 3473 satisfactione
665 3412 717 3460 143
787 3410 836 3460 361
850 3413 969 3510 uenatus
983 3425 1053 3461 corr.
