2468 3888
485 199 684 256 ANNIANVS.
1024 195 1065 259 37

102 360 165 428 Sed
191 361 278 446 quod
304 361 456 427 adscribit
484 360 605 428 Sereno
637 385 675 428 ea
708 385 790 447 quae
818 367 894 428 sunt
921 368 930 394 ‘
960 363 1067 428 nando

101 447 229 533 flagella
255 447 365 532 ligas'‚
391 452 449 512 aut
477 448 605 534 egregie
632 445 729 512 fallor
755 451 812 513 aut
831 449 930 513 verba
979 469 1068 513 eren-

101 533 184 597 tiani
212 553 293 616 quae
320 533 537 616 supraposui
564 533 647 597 male
674 531 839 598 intellecta
871 555 940 598 non
967 533 1068 617 ipsius

101 615 214 684 Sereni
235 617 406 700 exemplar,
429 617 517 702 quali
531 639 684 702 umquam
699 639 773 682 eum
794 639 887 683 usum
909 639 978 683 esse
999 639 1069 683 non

13 749 14 752 κ
99 705 209 786 potest
228 701 368 786 probari,
391 706 518 767 secutus
539 706 596 767 est.
639 701 709 768 Nec
730 703 847 768 existet
867 701 961 767 facile
983 703 1069 786 quis-

100 809 208 871 quam,
230 787 286 872 qui
307 785 427 852 Sereno
449 787 645 871 pervicacius
667 786 827 852 adscribat
847 809 957 852 versus
979 788 1068 871 istos,

13 937 14 946 ,
101 873 128 936 si
150 873 221 937 solo
244 893 282 936 ea
302 892 353 936 res
374 871 539 936 adseratur
559 873 746 938 testimonio
768 873 939 939 Victorini.
983 871 1070 937 Nam

100 957 255 1022 mirificus
281 956 368 1021 haud
394 977 467 1022 raro
496 961 609 1041 stupor
640 957 782 1023 eiusdem
813 957 850 1022 in
881 956 1070 1022 adhibendis

101 1041 291 1108 Terentiani
316 1041 432 1107 verbis.
475 1040 527 1106 Ita
554 1063 608 1128 pg.
633 1043 692 1107 177
722 1065 761 1107 ex
781 1065 833 1108 vv.
856 1042 953 1107 huius
977 1043 1068 1125 1967,

101 1127 142 1192 68
164 1127 228 1192 hoc
250 1127 277 1191 si
299 1127 348 1191 dis
363 1127 470 1210 placet
482 1125 700 1210 Pomponium
714 1131 817 1192 metro
840 1150 935 1192 usum
957 1127 1070 1192 elicere

101 1212 164 1277 sibi
187 1213 275 1276 visus
297 1215 361 1276 est:

253 1312 438 1398 Priamique
460 1335 532 1378 aras
554 1312 705 1378 damnare
726 1314 797 1397 pias
818 1317 912 1396 tunc,

102 1436 177 1480 oum
197 1413 279 1479 illud
299 1419 374 1481 tuuc
395 1415 495 1498 ipsius
517 1414 560 1479 sit
573 1414 687 1480 Mauri.
717 1414 818 1479 Aliud
837 1413 975 1500 insignis
990 1415 1071 1480 eius-

102 1500 176 1565 dem
204 1520 245 1564 ne
269 1499 428 1585 legentiae
456 1499 637 1582 exemplum
659 1498 885 1565 Lachmannus
916 1503 1011 1564 notat
1031 1498 1072 1563 ad

100 1606 129 1650 v.
154 1584 227 1648 Ter.
247 1521 345 1649 3881.

166 1670 212 1733 At
238 1669 325 1734 enim
352 1669 448 1734 etiam
476 1665 605 1734 Servius
632 1669 667 1734 in
695 1669 741 1733 eis
790 1690 850 1732 uae
877 1667 1003 1754 profert
1031 1667 1072 1732 ad

102 1753 340 1837 aen.ss11‚291
363 1775 491 1818 versum
512 1759 642 1839 utputa
663 1690 803 1839 ‘quando
825 1754 954 1840 flagella
980 1753 1072 1851 ligas,

101 1839 147 1903 ita
170 1839 252 1924 liga’
276 1838 429 1904 adscribit
450 1836 586 1924 Seren0,
608 1839 698 1904 cuius
720 1839 900 1904 carminum
921 1839 1072 1904 notitiam

102 1945 173 1989 non
188 1944 227 1987 ex
249 1923 318 1988 solo
333 1923 526 1988 Terentiano
548 1924 658 1988 hausit
679 1923 743 1989 ille.
773 1923 898 2008 Audi03
922 1923 977 1988 sed
999 1945 1072 1987 cum

102 2007 201 2073 huius
223 2007 348 2072 metrici
369 2007 456 2072 haud
470 2029 543 2072 raro
558 2009 678 2072 librum
692 2007 876 2073 adhibuerit
890 2008 1072 2092 scholiasta,

101 2094 154 2157 vel
187 2091 280 2156 illum
310 2092 504 2157 versiculum
538 2114 577 2157 ex
610 2092 722 2158 eodem
754 2093 892 2176 petitum
926 2092 1003 2156 satis
1034 2093 1074 2156 fit

123 2177 278 2242 robabile.
325 2176 526 2262 Quamquam
551 2178 660 2261 potuit
689 2177 787 2242 etiam
814 2177 898 2241 sumi
920 2198 960 2241 ex
980 2176 1072 2241 libris

101 2200 275 2328 lictorini.
308 2261 394 2328 Nam
416 2266 449 2328 et
470 2261 548 2327 alibi
570 2261 711 2327 eiusdem
732 2262 931 2326 mentionem
946 2260 1074 2326 videtur

102 2347 223 2412 inicere
240 2345 291 2434 [ad
306 2367 416 2498 georg.
431 2345 506 2430 ΠΠ,
521 2345 606 2434 873]ι
644 2344 791 2412 Servium
812 2349 850 2411 ut
871 2347 954 2411 solet
975 2346 1073 2410 excri-

104 2433 172 2516 psit
193 2432 366 2498 scholiasta
403 2433 476 2497 tatii
491 2431 739 2517 Bambergensis
760 2431 801 2496 ad
822 2431 910 2496 theb.
925 2429 984 2515 ΠΙ,
999 2431 1073 2495 311.

167 2531 301 2598 Frustra
321 2537 430 2599 autem
450 2532 676 2598 Lachmannus
697 2536 853 2617 provocat
874 2533 913 2598 ad
937 2533 1074 2598 alterum

104 2617 246 2682 eiusdem
268 2618 354 2702 quod
375 2618 439 2702 ipsi
460 2617 587 2683 videtur
608 2617 712 2684 Servii
732 2618 964 2684 testimonium.
986 2615 1074 2682 Nam

103 2703 138 2767 in
162 2703 350 2768 centimetro
396 2723 426 2788 g.
445 2702 529 2767 1824
550 2724 624 2768 cum
644 2703 725 2768 hacc
746 2703 897 2789 legantur
917 2707 955 2767 ut
969 2723 1073 2766 erem-

105 2787 197 2872 plum
217 2788 313 2852 metri
334 2787 360 2852 F
397 2787 451 2852 'ei

309 2888 404 2954 docta
424 2888 550 2955 Falisca
571 2888 689 2956 Serene
711 2911 856 2974 reparas,

105 2989 317 3056 demonstrari
344 2991 391 3055 ait
417 2990 471 3055 ille
502 2991 598 3056 etiam
624 2991 756 3076 abipso
779 2989 891 3056 Servio
919 2990 1074 3076 profecta,

104 3096 173 3140 non
199 3075 240 3140 ab
268 3076 336 3140 inte
376 3076 498 3140 olatore
525 3075 634 3140 addita
655 3097 693 3140 ea
713 3097 795 3160 quae
818 3080 894 3140 sunt
914 3075 1075 3159 adscripta

107 3159 148 3224 ad
169 3182 239 3226 aen.
253 3159 328 3244 IIII,
365 3159 416 3225 91.
461 3158 523 3226 Sed
543 3160 625 3225 illud
645 3164 872 3246 argumentum
893 3160 1074 3244 qualecum-

13 3257 14 3322 ]
110 3266 172 3328 que
198 3267 240 3310 nc
266 3243 394 3329 pondus
420 3245 538 3310 habere
566 3245 727 3330 videatur,
754 3245 819 3309 iam
847 3244 1073 3309 demonstrabo

13 3371 14 3396 1
107 3350 175 3394 non
195 3351 290 3414 posse
316 3329 539 3394 centimetrum
561 3330 653 3393 illum
673 3367 715 3378 -
738 3351 834 3478 {ruem
855 3330 924 3413 ipse
945 3329 1075 3393 vocavit

106 3417 218 3479 auctor
230 3453 273 3464 -·-
288 3415 443 3498 scriptum
464 3436 532 3479 esse
554 3412 709 3480 aServio.
756 3415 777 3478 d
800 3436 856 3479 cur
877 3435 994 3500 negem
1007 3417 1073 3478 tres

105 3499 310 3580 potissimum
332 3521 443 3564 causas
465 3498 577 3565 habco.
