2474 3886
494 217 518 264 x
537 219 669 268 aso-sor
1024 217 1065 282 79

161 368 341 451 Rumperet
354 367 502 432 ensiferis
518 390 591 432 oum
605 367 709 431 ferrea
720 368 832 432 messis
848 369 970 452 aristis,

97 452 341 536 5801nsurgunt
356 453 482 536 clipeis,
498 453 630 535 rapiunt
644 451 740 515 simul
756 474 844 515 arma
858 452 1035 539 phalanges

161 533 321 602 Mortibus
336 537 468 601 alternis
483 539 516 600 et
529 539 642 600 mutua
655 535 723 600 fata
737 536 918 620 minantur,

160 620 416 704 Ehctemumque
432 621 523 684 nefas
538 621 594 704 qui
608 620 709 704 gessit
723 620 867 684 uindicat
882 623 976 687 ensis.

160 705 240 769 Inde
253 704 411 769 Athamas
431 703 630 770 miserandus
645 710 729 782 crat,
748 704 844 768 miser
864 705 939 770 inde
954 706 1064 772 Palae-

807 810 884 853 mon

159 872 239 938 Inde
253 872 380 937 Iocasta
393 871 472 952 fuit,
487 873 591 956 turpis
606 872 669 936 fuit
685 871 827 955 Oedipus
842 839 934 956 intio,

95 971 146 1020 585
159 955 240 1021 Inde
254 955 403 1022 Eteocles
419 960 488 1021 erat
501 956 601 1021 frater
614 956 780 1039 Polynicis
796 960 829 1020 ct
842 957 961 1041 hostia,

159 1041 204 1106 Et
218 1040 390 1125 Polynices
405 1041 500 1124 inops
514 1043 660 1124 germani
674 1045 777 1104 morte
792 1046 987 1126 peremptus.

158 1124 285 1190 Blanda
299 1124 411 1190 Uenus
418 1175 427 1206 ,
442 1125 561 1190 lasciue
575 1146 670 1209 puer,
688 1124 842 1190 Semeleia
858 1125 985 1191 Bacche
992 1178 1001 1212 ,

160 1209 289 1274 Parcite
301 1232 360 1274 uos
376 1209 484 1272 saltim
498 1207 632 1292 Thebis,
654 1210 770 1293 quibus
785 1213 898 1274 auctor
913 1211 1004 1296 origo

159 1296 229 1358 Aut
243 1293 369 1358 soboles
384 1294 547 1377 praeclara
561 1292 639 1359 fuit:
661 1293 723 1357 tibi
737 1297 854 1374 mater,
874 1294 1006 1379 Iacche,

96 1392 148 1441 500
160 1377 315 1442 Thebana
330 1378 368 1442 de
384 1378 483 1460 stirpe
497 1381 587 1442 tuam
601 1377 798 1461 Thebisque‚
813 1376 937 1460 Dione,

160 1462 372 1527 Harmoniam
391 1461 538 1544 nupsisse
559 1461 684 1526 ferunt:
707 1483 767 1544 pro
783 1482 916 1526 munere
932 1461 1064 1534 Thebae

160 1546 205 1610 Et
217 1568 277 1630 pro
292 1550 343 1611 tot
357 1546 481 1610 meritis
497 1547 543 1610 sio
557 1545 673 1610 funera
687 1549 779 1610 tanta
793 1547 981 1611 merentur?

162 1630 292 1696 Crimen
307 1631 369 1694 erit
383 1631 532 1715 genuisse
547 1629 638 1714 deos,
654 1631 719 1696 ium
734 1629 830 1695 Creta
845 1629 1027 1697 Tonantem

160 1714 352 1798 Depositum
366 1715 506 1779 nutrisse
521 1720 633 1799 neget,
648 1715 713 1779 iam
728 1714 827 1781 Delos
842 1717 878 1780 in
892 1717 994 1780 undas

94 1811 146 1862 595
161 1799 312 1863 Fluctuet
326 1803 359 1863 et
371 1803 488 1883 paueat
501 1803 613 1881 partus
627 1800 781 1864 meruisse
797 1801 945 1883 deorum,

159 1883 205 1948 Te
221 1882 382 1948 Uenerem
396 1883 480 1947 freta
493 1886 600 1947 uestra
614 1906 655 1947 no
680 1888 750 1967 ent,
765 1884 891 1948 abiuret
906 1889 1042 1949 Amores

164 1967 288 2052 Cyprus
303 1970 336 2032 et
349 1966 486 2031 Idalium
501 1968 611 2052 pigeat
626 1904 763 2033 coluisse
778 1967 923 2052 Dionen,

161 2050 326 2118 Uulcanus
341 2050 480 2134 Lemno,
496 2051 577 2116 Iuno
594 2057 765 2135 spernatur
780 2053 820 2116 ab
835 2053 948 2136 Argis,

162 2135 314 2220 Gorgone
330 2136 482 2200 terribilis
497 2135 606 2201 Pallas
621 2135 790 2200 damnetur
805 2136 960 2218 Athenis,

64 2254 72 2258 -
94 2233 147 2282 600
161 2219 273 2303 Sitque
287 2221 379 2283 nefas
394 2221 529 2284 coluisse
545 2220 635 2299 deos,
653 2220 728 2303 quia
744 2221 865 2285 crimen
883 2219 1020 2284 habetur

160 2303 354 2388 Rolligionis
368 2304 490 2387 honos,
506 2325 579 2370 cum
595 2303 649 2368 dat
663 2325 722 2387 pro
738 2303 831 2368 laude
846 2303 975 2386 pericla.

164 2544 214 2593 583
234 2543 301 2592 Inde
320 2518 437 2609 talamis
449 2545 536 2592 ueraci
550 2559 616 2593 cruce
632 2547 754 2607 praefixa
768 2550 807 2592 est
858 2542 907 2592 585
925 2541 1060 2608 Thoclesl

92 2609 231 2692 Pollutas
308 2611 358 2660 586
377 2610 517 2660 Polinices
535 2609 720 2675 Polinioepsy
736 2609 740 2676 Ι
756 2610 881 2690 Tarentus
899 2615 1063 2675 corruptelae

91 2693 177 2796 5555
191 2684 302 2796 ''⁰“'lt'l
319 2677 507 2795 tabat
572 2679 629 2796 {⁸9⁷0
645 2678 967 2808 {totatuta
989 2679 1063 2810 all}

92 2810 218 2876 notatum)
237 2813 289 2862 tibi
307 2811 474 2876 (attituletur)
494 2813 598 2862 Diones
617 2814 686 2876 quod
702 2813 797 2876 scripsi
813 2815 950 2876 proposuit
966 2812 1061 2863 Buecb.

91 2881 144 2936 591Ι
165 2879 295 2930 Armenia
306 2896 388 2944 supro
399 2896 413 2929 r
424 2883 524 2930 literam
541 2883 704 2944 corruptelae
722 2887 783 2930 nota
800 2881 956 2944 conspicitur
1012 2881 1062 2931 596

91 2997 207 3049 adiures
276 2999 325 3048 597
345 2957 442 3077 Cyprio
458 2995 462 3064 Ι
478 2999 595 3048 Dionem
652 3000 702 3049 600
721 2997 763 3048 Sit
781 2998 861 3048 nefus
879 3013 947 3052 corr.
966 2998 1064 3048 Bueclt.

92 3083 142 3133 sub
159 3085 235 3144 finem
252 3083 372 3146 scriptum
390 3090 429 3134 est
450 3076 547 3142 Τέλος.
582 3084 676 3138 desinit
693 3085 778 3133 codes
796 3083 981 3147 Neapolitanus
