2468 3888
472 167 670 222 00001010.
1010 160 1052 226 39

90 333 160 395 orta
182 333 230 394 est
251 329 299 394 dis
322 329 425 394 utatio
452 333 564 394 nostra
585 328 698 394 ‘docta
718 328 844 396 Falisca
865 327 983 394 Serene
1005 350 1053 394 re-

88 420 197 499 paras’
227 435 266 478 ex
298 415 473 482 ,arentiani
499 413 564 478 11110
591 415 686 480 ‘talia
713 413 808 480 docta
827 413 954 479 Falisca
974 415 1005 480 10
1031 415 1053 461 ’-

87 506 176 564 000’
206 520 273 564 ease
300 499 411 564 fictum
443 521 538 564 nemo
571 502 609 563 ut
642 499 758 583 opinor
790 499 958 564 dubitabit.
1032 521 1053 562 x

89 583 200 650 eodem
227 584 425 668 apertissime
451 583 543 650 fonte
576 583 672 650 ducta
704 606 896 669 quamquam
925 583 1050 648 diverso

88 690 194 734 errore
222 691 303 753 quae
331 670 532 755 Augustinus
560 667 595 732 in
617 673 731 752 quarto
761 668 799 734 de
826 667 948 734 musica
967 668 1051 733 libro

86 753 1054 904 1311111111111111111111011

87 924 185 1010 ligae,
207 924 254 988 ita
274 861 372 1008 liga,p
382 923 458 988 vitis
480 927 513 988 et
532 923 639 988 ulmus
660 924 709 988 uti
730 862 826 990 simqul
848 859 1052 1007 comagene

87 1008 149 1074 hoc
170 1029 348 1093 possumne.
379 1007 527 1074 Ceterum
541 1030 609 1075 000
625 1013 693 1074 erat
712 1031 769 1074 our
790 1009 960 1074 miraretur
974 1007 1052 1073 San-

87 1093 194 1158 tenius
215 1092 383 1176 epitheton
403 1092 484 1158 11101
506 1092 643 1158 ‘ductat
679 1092 765 1167 Nam
786 1093 820 1157 id
840 1093 1053 1158 Terentianus

87 1182 124 1243 ut
145 1176 277 1242 adderet
296 1177 423 1244 videtur
444 1199 512 1242 0000
533 1177 690 1262 impulsus
711 1201 749 1244 ea
778 1201 812 1243 re
834 1178 921 1262 quod
942 1175 1053 1243 Laevii

88 1263 220 1328 omnino
236 1266 269 1327 01
290 1263 472 1347 aequalium
493 1262 617 1328 eiusad
636 1263 850 1328 imitationem
863 1263 953 1328 fuere
968 1285 1052 1329 com·

86 1347 194 1430 posita
220 1347 364 1412 carmina
384 1346 523 1430 Falisca,
554 1370 635 1430 0000
658 1351 691 1412 01
712 1347 889 1413 dictionum
932 1369 969 1416 ro
993 1349 1053 1412 rie-

87 1436 153 1498 tate
177 1435 210 1497 et
229 1454 436 1498 numerorum
450 1433 657 1498 multitudine
676 1433 848 1517 pariterue
887 1433 893 1445 '
933 1453 951 1498 0
986 1435 1053 1497 1010

86 1517 269 1582 referebant
289 1517 372 1582 11100.
418 1515 618 1602 Quamquam
640 1518 711 1602 quis
739 1517 869 1603 ignorat
890 1540 910 1581 a
932 1515 1052 1582 Catulli

86 1602 162 1666 inde
189 1605 333 1750 tempore
359 1601 443 1666 nihil
469 1601 670 1687 frequentius
700 1602 917 1687 appellatione
938 1601 996 1667 illa
1017 1602 1053 1667 10

86 1686 251 1770 poetisve
286 1687 479 1752 carminibus
500 1687 691 1753 laudandis?

151 1769 215 1836 Sed
236 1775 273 1836 ut
292 1771 420 1838 redeam
441 1772 476 1836 in
497 1772 593 1857 viam,
615 1773 654 1838 de
669 1772 814 1838 versibus
828 1771 893 1838 11110
909 1772 1051 1857 ‘quando

87 1855 215 1942 flagella
237 1856 333 1941 ligae,
354 1857 400 1921 ita
420 1856 498 1943 liga’
522 1879 548 1922 e.
572 1881 602 1943 q.
625 1881 650 1922 s.
672 1857 720 1922 ita
740 1857 821 1922 mihi
843 1857 969 1923 videtur
990 1861 1053 1922 sta·

88 1940 253 2025 tuendum,
275 1945 313 2006 ut
334 1940 457 2006 dicatm
479 1941 590 2006 cosin
612 1941 788 2007 enchiridio
803 1941 861 2006 illo
884 1964 948 2026 quo
969 1937 1054 2025 pari.-

86 2028 136 2089 ter
164 2025 215 2090 usi
241 2030 317 2090 sunt
342 2025 555 2091 Terentianus
581 2029 614 2090 et
627 2025 823 2091 ¹Victorinus
849 2030 887 2091 01
913 2025 1054 2093 Calabrii

86 2110 183 2174 metri
205 2111 385 2195 exemplum
401 2132 441 2175 ex
454 2109 587 2176 Faliscis
609 2111 747 2195 petitum
768 2111 962 2176 carminibus
984 2110 1053 2175 sine

87 2195 219 2260 nomine
241 2196 389 2280 auctoris,
405 2196 482 2280 quip
507 2217 524 2260 e
543 2197 614 2261 noti
628 2195 789 2280 plerisque
811 2198 844 2259 et
865 2195 963 2279 obvii,
985 2216 1053 2260 0000

87 2279 245 2364 prolatos3
276 2303 357 2365 quos
386 2302 443 2345 cur
475 2219 594 2346 111000
628 2279 855 2363 adscripserint
886 2283 1054 2345 auctorum

86 2363 281 2430 Terentiano
307 2365 523 2449 posteriorum
549 2366 695 2450 plerique
721 2365 845 2429 nullam
866 2365 964 2430 aliam
985 2386 1053 2430 esse
1137 2403 1138 2407 =

87 2471 216 2514 causam
244 2472 341 2535 quam
368 2449 455 2535 quod
489 2451 635 2536 proxime
666 2469 853 2536 praegresso
890 2449 926 2514 in
957 2449 1054 2514 huius

89 2534 233 2599 versibus
254 2536 386 2600 nomine
408 2534 495 2600 111100
516 2558 574 2620 per
601 2557 742 2600 errorem
769 2556 845 2599 sane
866 2533 996 2599 facilem
1017 2555 1054 2599 ac

86 2618 288 2703 frequentem
309 2617 458 2705 Septimii
484 2624 522 2685 ut
547 2619 741 2704 praecedens
762 2618 809 2685 ita
830 2620 927 2684 etiam
948 2623 1054 2768 poste-

87 2704 153 2768 rius
175 2703 378 2784 crediderunt
399 2726 467 2770 0000
489 2705 679 2789 exemplum,
702 2726 776 2770 cum
785 2704 932 2768 Anniani
969 2703 1054 2768 ‘bros

90 2787 281 2872 inspiciendi
302 2793 359 2854 aut
380 2789 530 2855 voluntas
552 2811 607 2855 eos
629 2789 777 2854 deficeret
798 2793 855 2854 001
876 2789 1021 2854 facultas.

151 2872 300 2938 Ceterum
321 2874 373 2939 vel
394 2874 457 2940 hoc
478 2873 604 2940 videtur
626 2872 777 2957 dubium,
799 2895 878 2940 num
899 2877 985 2939 recte
1006 2896 1055 2938 as-

88 2961 173 3022 serat
199 2957 386 3024 Victorinus
414 2964 553 3025 metrum
580 2958 667 3044 quod
689 2962 737 3023 est
758 2958 905 3042 ‘quando
927 2958 1055 3056 flagella

88 3041 178 3127 ligas,
193 3043 240 3108 ita
253 3043 336 3128 liga’
352 3043 513 3110 fallacum
527 3065 656 3111 carmen
669 3047 819 3109 vocatum
833 3043 874 3108 ab
889 3045 1053 3108 Anmano.

88 3125 181 3192 Certe
208 3149 277 3192 000
305 3128 374 3193 0010
396 3128 614 3195 hocnumero
637 3128 791 3212 opuscula
812 3129 880 3194 0100
903 3149 984 3210 quae
1006 3128 1054 3192 in-

88 3211 216 3296 scripsit
236 3211 362 3278 Falisca
383 3214 562 3298 composita
583 3234 652 3279 0000
674 3216 808 3279 constat.
854 3210 959 3287 Quare
980 3233 1054 3296 pro·

88 3295 161 3378 pius
182 3319 202 3362 a
221 3296 284 3362 fide
306 3299 417 3364 abesse
439 3298 586 3365 existimo
608 3297 662 3363 hic
676 3319 804 3382 quoque
820 3318 893 3362 eum
907 3300 945 3363 ut
958 3317 1053 3381 saepe

88 3379 214 3464 lapsum
236 3404 303 3448 esse
325 3383 566 3468 interpretando
588 3383 792 3448 Terentiano.
833 3380 919 3447 Nam
941 3379 1054 3446 eodem

89 3465 263 3534 certissime
286 3489 392 3534 errore
413 3489 566 3554 praeceps
588 3467 680 3534 datus
701 3466 801 3532 falsus
823 3465 968 3552 Servius,
998 3466 1055 3552 qui
