2468 3888
505 208 652 266 FLORVS.
1020 207 1061 271 27

104 371 356 438 annumerandus
370 372 519 458 (eandem
533 373 630 437 etiam
641 373 679 438 de
690 373 821 439 Lucano
833 379 954 440 motam
969 397 1064 459 quae·

103 460 236 524 stionem
257 458 397 544 constat)
425 457 584 556 particula
605 458 761 542 quaedam
783 463 857 524 ante
880 481 983 525 annos
1005 462 1064 527 cir·

103 546 178 610 citer
198 542 292 608 XXV
314 542 458 607 innotmt
479 543 559 628 quin
579 543 665 607 idem
687 545 730 608 sit
751 566 824 609 cum
838 544 936 610 Floro
958 550 1064 629 poeta,

102 629 255 697 Hadriani
277 628 380 692 amico
402 627 469 712 illo,
492 629 582 693 cuius
604 632 715 693 extant
737 629 892 713 quaedam
914 631 1065 714 epistula-

23 769 24 774 ,
102 737 170 780 rum
191 713 233 780 ad
253 714 478 797 imperatorem
501 712 646 778 datarum
667 714 831 799 reliquiae,
849 736 917 780 non
938 714 1065 780 videtur

101 821 191 884 posse
219 798 367 863 dubitari.
411 797 443 862 Is
472 798 573 884 igitur
595 820 620 863 c.
644 821 726 883 ap.
750 799 825 865 ohr.
850 799 892 863 74
912 803 1007 864 natus
1029 801 1064 864 in

101 885 209 950 Africa
236 905 309 948 cum
334 904 435 966 puero
465 903 617 948 coronam
645 884 680 947 in
702 885 875 949 certamine
896 888 1064 968 poetarum

100 968 167 1034 Iovi
189 968 372 1054 Capitolino
402 972 525 1032 sacrato
555 969 596 1032 ab
618 968 806 1034 Domitiano
828 973 960 1053 propter
982 969 1064 1034 inri-

101 1055 182 1119 diam
210 1053 411 1137 imperatoris
444 1074 513 1117 asse
535 1054 569 1116 ui
601 1073 670 1118 non
697 1054 841 1120 licuisset
870 1075 1063 1140 quamquam

100 1139 296 1225 efflagitante
317 1137 448 1222 populo,
470 1073 577 1202 taedio
599 1138 745 1221 repuisae
767 1139 870 1204 victus
891 1143 1062 1226 peragrato

100 1225 174 1289 orbe
195 1227 353 1288 terramm
367 1221 497 1290 tandem
512 1223 547 1286 in
561 1222 720 1306 Hispania
734 1223 966 1289 Tarraconensi
988 1245 1063 1288 con·

22 1375 23 1378 ,
99 1310 180 1375 stitit
200 1309 308 1392 ibique
330 1306 442 1372 ludum
463 1330 483 1371 a
506 1307 597 1372 eruit.
641 1307 766 1372 Deinde
783 1307 921 1373 Romam
942 1329 1063 1395 regres-

22 1449 23 1454 ,
98 1417 149 1458 sus
177 1394 212 1458 in
234 1393 408 1457 amicitiam
522 1393 586 1456 'ani
607 1392 664 1476 qui
691 1393 867 1476 plurimum
888 1394 970 1458 vixit
990 1415 1063 1458 cum

98 1478 282 1544 hominibus
303 1476 453 1542 litteratis
468 1477 594 1542 videtur
614 1478 807 1561 pervenisse,
830 1477 893 1542 nisi
914 1499 985 1542 eam
999 1478 1064 1542 iam

22 1641 23 1646 γ
98 1569 171 1628 ante
198 1585 272 1627 cum
299 1562 430 1627 homine
460 1583 500 1626 ex
526 1561 586 1627 His
610 1563 685 1626 ania
706 1584 808 1649 genus
830 1562 966 1628 ducente
988 1584 1063 1628 oon-

97 1649 203 1713 traxit
226 1685 268 1696 -
289 1645 353 1713 Sed
374 1647 460 1710 enim
481 1646 550 1712 iata
563 1585 653 1712 Fieri
677 1648 732 1731 qui
754 1647 842 1712 volet
864 1670 902 1712 ex
923 1651 1062 1713 tractatu

22 1785 23 1798 ,
98 1734 151 1798 illo
181 1733 276 1798 obvio
305 1733 465 1816 plerisque
494 1735 676 1819 cognoscet.
720 1733 817 1798 Nunc
844 1733 883 1798 de
904 1733 1063 1817 poematis

97 1819 276 1902 videamus3
298 1839 375 1881 nam
395 1817 603 1882 historiarum
618 1817 653 1882 T.
669 1817 755 1882 Livii
777 1819 949 1903 epitomen,
966 1840 1062 1902 quam

96 1904 179 1968 liber
199 1901 448 1987 Bambergensis
478 1901 561 1966 Iulio
585 1901 692 1984 Flore,
714 1903 915 1967 Nazarianus
936 1902 973 1967 L.
996 1905 1063 1968 An-

96 2010 177 2053 uaeo
199 1987 297 2052 Floro
318 1986 441 2070 tribuit,
464 1986 526 2051 etsi
547 1987 643 2050 huius
666 2007 793 2070 quoque
816 1990 979 2052 auctorem
998 1986 1063 2052 Ha·

97 2073 209 2138 driano
231 2071 399 2156 aequalem
419 2070 519 2135 fuisse
541 2074 676 2154 constat,
692 2071 834 2135 alienum
849 2093 917 2136 esse
932 2093 951 2134 a
965 2075 1063 2154 poeta

96 2158 190 2223 facile
212 2156 352 2221 adducor
372 2160 409 2220 ut
430 2155 565 2220 credam.
610 2153 760 2221 Ceterum
780 2155 953 2220 dolendum
975 2157 1063 2239 quod

96 2243 192 2307 huius
213 2246 280 2306 tam
301 2263 404 2325 pauca
425 2262 525 2324 eaque
547 2240 741 2305 dubitationi
769 2262 837 2305 non
858 2261 989 2323 prorsus
1011 2262 1062 2305 ex-

96 2331 205 2413 empta
225 2330 375 2411 prostant
395 2326 546 2390 carmina.
590 2329 639 2390 Ac
660 2325 800 2409 primum
822 2324 951 2409 quidem
974 2330 1062 2390 certo

95 2413 165 2477 eius
188 2432 256 2477 esre
279 2414 412 2495 apparet
432 2431 543 2474 versus
565 2410 650 2494 apud
672 2409 879 2494 Spartianum
901 2414 1062 2494 extantem

94 2496 296 2647 matt
310 2496 866 2646 Securitatem
884 2515 968 2644 er
988 2517 1064 2645 {ti

94 2673 265 2834 reae,
281 2663 667 2834 peteteret
694 2665 1064 2847 attestare

95 2837 282 2901 adscribunt
308 2836 427 2900 Annio.
472 2833 557 2899 Nam
584 2838 617 2899 et
636 2835 790 2918 pleraque
812 2855 922 2900 omma
943 2833 1063 2900 suma-

96 2922 180 2986 siani
195 2920 312 2986 codicis
327 2921 469 2985 carmina
482 2918 638 2984 Afrorum
652 2922 729 2982 sunt
765 2923 918 2984 cetarum.
954 2918 1062 2984 Minus

95 3011 251 3072 certares
272 3005 311 3069 de
336 3005 393 3070 illo
414 3007 589 3069 ‘venerunt
603 2942 774 3088 aliquando
795 3009 909 3070 rosae'.
947 3002 1063 3078 Quam·

118 3113 195 3155 uam
222 3089 309 3176 quod
329 3088 466 3154 Rivinus
487 3111 547 3173 pro
575 3110 613 3154 eo
636 3089 722 3173 quod
744 3093 793 3154 est
813 3088 902 3154 Flori
924 3089 1062 3153 scriben-

94 3113 174 3240 dum
195 3197 264 3240 esse
284 3178 378 3259 putat
400 3174 438 3238 de
460 3173 618 3256 Floribus,
639 3175 899 3258 praecedentium
921 3172 1062 3238 eiusdem

96 3259 281 3345 argumenti
296 3260 473 3324 carminum
487 3259 590 3324 titulis
605 3259 801 3325 confutatur.
830 3258 875 3323 Et
889 3257 1061 3341 aliquando

94 3345 133 3409 in
161 3346 244 3410 libro
276 3341 475 3410 Sadmasiano
509 3344 683 3409 eorundem
718 3348 884 3409 auctorum
921 3343 1063 3408 carmina

94 3431 197 3515 longo
218 3433 329 3495 extant
348 3428 518 3494 intervallo
541 3429 707 3513 dirempta.
736 3427 824 3504 Quae
839 3448 912 3492 cum
927 3428 973 3491 ita
987 3429 1061 3510 sint,

95 3515 295 3598 poematium
318 3514 399 3578 illud
420 3513 518 3596 Flori,
542 3536 605 3598 quo
622 3519 706 3579 certe
728 3535 796 3577 non
818 3517 867 3578 est
880 3513 1060 3598 indiguum,
