2474 3886
206 236 248 303 32
573 235 812 286 slmsrlorro

221 401 254 452 60
311 385 454 451 Humida
468 408 541 450 eum
556 386 648 450 sioois
663 385 760 470 ignea
775 405 849 450 oum
863 385 988 469 gelidis.

270 471 394 537 Littera
409 471 615 554 doctiloquax
630 470 745 554 apibus
762 474 902 553 cognata
916 469 1067 554 refertur,

313 555 392 632 Quis
407 556 501 620 datur
516 558 553 619 ut
566 554 709 618 habeant
725 554 860 618 uulnera
875 557 979 618 eastra
992 553 1104 619 fanos:

270 640 352 707 Cera
367 641 421 705 dat
435 641 603 724 ingenium
619 639 736 722 pueris,
752 637 929 722 primordia
943 659 1068 723 seusus,

309 725 389 790 lude
404 724 442 789 fit
455 729 492 788 ut
506 724 610 808 prosit
623 722 732 788 littera
746 724 800 787 uel
814 727 938 788 nooeat.

219 823 252 873 65
267 813 315 875 As
338 811 365 874 is
380 809 479 873 habet
492 811 612 873 mortes
626 807 725 871 habet
739 811 773 872 et
786 807 998 872 medicamina
1013 829 1156 894 serpens,

343 894 432 977 ipera
448 915 542 976 saepe
557 893 657 976 iuuat,
672 892 785 975 uipera
798 913 893 975 saepe
907 896 1013 957 noeet.

269 978 374 1044 Gerus
389 978 544 1041 salutares
582 979 651 1040 asto
668 980 816 1060 serpente
831 976 984 1042 medellas

311 1060 451 1126 Confieit
465 1065 498 1125 et
512 999 639 1144 pellunt
653 1061 723 1144 ipsa
737 1082 864 1125 uenena
878 1082 982 1126 neces.

268 1145 420 1210 Materies
434 1145 512 1209 ferri
528 1145 665 1228 simplex
680 1150 713 1211 et
726 1147 825 1210 noxia
839 1144 950 1228 fertur,

221 1243 253 1292 ⁷0
309 1230 433 1313 Impius
447 1229 523 1294 inde
537 1233 644 1312 nocet,
659 1231 798 1294 rusticus
813 1229 887 1293 inde
902 1230 1017 1313 placet.

267 1315 343 1399 Ipsa
357 1315 443 1399 parit
458 1325 601 1400 gemmas
615 1314 774 1396 pretiosos
790 1318 876 1378 terra
890 1314 1029 1398 lapillos,

311 1400 328 1465 I
351 1422 387 1465 sa
401 1399 457 1464 dat
471 1403 505 1464 et
518 1420 632 1482 uepres
647 1399 760 1481 spinea
773 1399 864 1484 ligna
878 1421 976 1463 rosas.

181 1557 188 1568 ,
267 1484 317 1549 De
331 1485 408 1549 roias
423 1483 606 1568 mortesque
621 1487 715 1567 parat
728 1505 816 1548 mare
831 1483 982 1547 fluetibus
997 1483 1110 1568 altum,

309 1569 355 1632 Et
369 1571 502 1654 generat
516 1568 624 1653 pelagi
640 1569 799 1634 oonehula
814 1567 953 1632 diuitias.

219 1664 250 1713 ⁷5
265 1654 352 1716 Aera
366 1653 537 1735 temperies
552 1655 639 1716 auris
653 1653 806 1718 uitalibus
821 1655 913 1736 aptat

310 1734 399 1811 Quae
415 1739 566 1819 corrupta
581 1736 649 1801 dies
665 1737 762 1820 eripit
775 1741 872 1820 atque
888 1737 1020 1800 animas.

267 1822 394 1902 Aspera
408 1822 461 1884 uel
475 1820 580 1884 facilis
595 1820 714 1886 retinet
727 1825 844 1886 natura
857 1821 1021 1885 uolucres:

309 1903 435 1969 Blanda
450 1905 599 1971 columba
615 1906 685 1970 auis
700 1909 758 1989 est,
774 1926 887 1989 aspera
901 1905 1012 1969 uultur
1026 1905 1106 1970 auis.

265 1987 415 2053 Nubibus
431 1989 572 2076 aggestis
586 1991 716 2072 pluuiae
730 1990 788 2054 nix
802 1990 925 2075 grando
941 1989 1075 2072 pruinae

217 2084 250 2134 80
309 2072 507 2159 Gignuntur,
520 2074 644 2140 uieibus
660 2076 735 2173 igne
747 2096 867 2158 uapore
882 2074 966 2159 gelu.

267 2156 323 2224 Sol
340 2159 396 2224 dat
409 2159 590 2245 temperies,
607 2181 727 2244 speeres
743 2160 925 2244 gratissima
940 2158 1062 2242 mundi,

311 2241 435 2309 Cuncta
451 2246 589 2309 creanda
602 2240 719 2329 pararis
736 2247 852 2308 cuneta
865 2248 972 2308 ereata
986 2242 1110 2325 fouens,

265 2328 335 2393 Per.
366 2351 439 2394 uem
452 2329 535 2393 fetat
548 2329 666 2392 humus
680 2330 775 2394 flores
791 2332 824 2392 et
839 2328 951 2391 messis
966 2327 1093 2392 aristas:

310 2351 384 2477 sile
399 2415 549 2496 perustus
564 2433 642 2497 ager
656 2415 759 2494 putris
774 2412 896 2477 harena
910 2413 1001 2476 iacet.
1115 2425 1121 2432 ’

215 2509 248 2557 85
265 2495 410 2578 Corpora
424 2496 473 2560 sol
487 2496 591 2560 refioit
605 2496 703 2562 radiis
719 2502 752 2561 et
765 2518 901 2580 corpora
914 2501 1021 2580 uexat,

308 2577 437 2643 Solibus
452 2579 585 2644 alternis
599 2581 689 2664 itque
704 2581 850 2665 reditque
869 2582 965 2646 salus.

265 2661 382 2727 Omnia
396 2684 456 2728 neo
470 2665 555 2728 mala
571 2670 648 2730 sunt
661 2688 721 2732 neo
736 2670 812 2730 sunt
826 2666 913 2731 bona
927 2664 1030 2730 sidera
1045 2664 1142 2729 eseli:

306 2745 436 2812 Lucifer
450 2748 513 2813 hoo
528 2748 646 2832 docuit,
663 2749 764 2816 Sirius
778 2750 841 2815 hoo
855 2750 993 2814 monuit.

265 2830 448 2915 Temperies
465 2834 545 2898 caeli
559 2835 700 2901 medium
715 2857 775 2900 nee
789 2835 933 2918 possidet
948 2834 1068 2916 orbem,

214 2928 248 2976 90
304 2913 391 2981 Nam
405 2917 445 2982 de
460 2919 604 3003 quinque
618 2921 724 3005 plagis
739 2920 795 2984 uix
810 2919 908 2984 habet
922 2919 993 3002 ipsa
1009 2919 1097 2984 duas.

266 2997 359 3074 Quod
374 3002 497 3066 eaelum
509 3005 596 3086 quod
610 3009 696 3069 terra
711 3005 831 3090 fretum
846 3003 933 3086 quod
947 3005 1062 3086 purior
1073 3025 1132 3068 ser

267 3190 300 3240 62
318 3188 398 3240 sabos
416 3205 485 3240 corr.
500 3191 629 3241 Areuolus
689 3193 722 3242 63
741 3194 819 3243 tacito
837 3200 943 3242 auctore
960 3191 1065 3242 adhibet
1082 3191 1175 3244 Isido-

200 3273 245 3308 rus
262 3258 326 3324 erip.
344 3258 369 3308 V
387 3259 402 3308 9
471 3258 505 3307 67
522 3257 656 3310 medullas
669 3261 797 3310 Areualus
814 3260 923 3310 medela
942 3266 986 3311 est
1003 3261 1159 3323 interpolati

234 3325 267 3372 69
289 3326 314 3373 in
338 3326 450 3389 mnrpine
473 3330 545 3374 notat
568 3325 641 3374 ferro
663 3341 750 3374 uranus
771 3341 824 3376 rec.
894 3329 927 3377 74
950 3326 1067 3377 concula
1141 3331 1175 3380 79

198 3391 299 3448 pruina
322 3390 442 3442 Sirmond
464 3397 489 3440 et
511 3391 648 3440 Areualns.
671 3397 699 3439 at
722 3393 843 3453 conseras
866 3395 890 3442 d.
910 3396 958 3444 dea
981 3395 1029 3445 16
1052 3395 1175 3458 pruinae

197 3453 356 3515 Azaprensis
418 3459 450 3506 81
468 3459 495 3506 r'n
512 3458 625 3518 marpine
643 3463 714 3506 notat
732 3457 790 3506 sole
807 3471 895 3507 manue
912 3476 965 3509 ree.
1020 3463 1054 3512 88
1075 3461 1178 3528 Syrius

232 3517 266 3566 89
283 3521 309 3567 in
327 3525 440 3593 marpine
458 3530 529 3572 notat
548 3517 606 3571 celo
625 3537 712 3571 manus
729 3538 782 3570 ree.

587 3799 929 3866 Ab
