2474 3886
555 197 580 246 x
600 199 682 250 1-5s
1062 197 1098 262 61

205 347 258 412 Ad
273 369 331 412 sua
345 349 450 410 castra
463 349 587 429 petunt.
617 345 708 411 lauro
724 348 886 412 succincta
899 349 1013 494 poetae

205 431 348 516 Pegaseo
364 429 403 493 de
417 430 508 495 fonte
523 429 613 513 ueni,
630 452 694 514 quo
709 453 781 495 rore
796 432 904 496 medul
917 454 952 498 as

153 529 189 578 30
202 516 247 582 Et
261 536 373 580 sensus
387 514 521 579 infunde
535 535 634 579 meos.
665 535 721 578 cur
735 513 852 599 hospes
868 519 994 580 amatur

209 599 272 675 Qui
286 599 472 664 mactandus
488 603 556 664 erat
570 599 624 663 uel
638 620 695 663 cur
708 604 867 665 mactatur
880 600 1028 666 amatus?

206 751 307 815 Diues
322 750 408 834 apud
424 749 562 815 Colchos
576 749 708 814 Phrixei
722 750 852 815 uelloris
866 773 980 816 aurum
1115 754 1145 803 {a
1160 753 1195 802 ‘1⁸1

207 835 306 900 Pellis
322 838 391 900 erat
405 838 533 899 seruata
547 833 602 900 diu
617 835 747 899 custode
763 836 911 900 dracone.

206 919 300 983 Hanc
314 922 446 1003 propter
460 919 568 1003 pelagi
582 922 756 984 temerator
770 919 892 1003 primus
906 918 1003 984 Iason

157 1015 191 1065 as
206 1002 350 1068 Uenerat
363 1007 401 1067 ut
413 1003 526 1068 rutilas
541 1002 732 1067 subduceret
745 1004 858 1068 arbore
873 1004 973 1068 lanas.

208 1087 255 1152 Ut
269 1086 389 1171 Scytha
404 1087 572 1170 conspexit
586 1086 716 1152 Graiam
732 1088 771 1152 de
785 1088 895 1153 littore
909 1088 1044 1172 puppim

208 1171 260 1236 Ire
274 1193 333 1254 per
346 1171 506 1235 undosum
521 1170 687 1255 proscissis
703 1172 852 1238 fluctibus
868 1194 997 1256 aequor,

208 1255 366 1340 Expauit‚
385 1276 461 1319 nam
481 1259 626 1319 monstra
647 1259 756 1337 putat:
783 1257 855 1338 quis
878 1258 1022 1321 crederet
1041 1277 1109 1320 um·

877 1362 951 1404 uam

208 1423 271 1487 Per
285 1422 368 1487 freta
382 1445 440 1507 per
454 1422 582 1487 rabidas
596 1423 762 1486 hominem
776 1361 912 1487 transire
927 1423 1109 1507 procellas?

161 1520 196 1569 40
211 1507 371 1572 Barbarus
386 1509 500 1592 ignaro
515 1507 584 1592 regi
598 1506 663 1570 iam
677 1507 811 1571 nuntius
826 1507 895 1571 ibat

210 1590 297 1666 Quae
312 1613 399 1656 noua
413 1591 571 1675 perferret
584 1591 732 1676 pelagus,
748 1591 804 1655 sed
819 1591 952 1656 callidus
966 1591 1062 1656 heros

212 1673 305 1740 Solus
320 1675 416 1740 Iason
432 1676 536 1740 adhuc
550 1679 650 1740 uento
666 1679 813 1740 currente
829 1676 938 1740 carina

210 1759 343 1824 Prosilit
357 1760 392 1823 in
406 1759 523 1824 fluctus
538 1763 572 1823 et
582 1759 693 1823 littora
707 1760 778 1824 uisa
792 1764 905 1825 natatu

211 1843 359 1908 Nudatus
375 1865 433 1909 ceu
447 1848 547 1908 nauta
561 1843 651 1926 petit.
674 1845 730 1908 sed
744 1843 873 1909 Colchis
889 1845 1037 1910 alumnus

160 1939 194 1988 45
209 1927 351 1992 Nuntius
365 1928 420 1992 ille
436 1929 520 1993 redit
534 1949 642 1992 secum
657 1929 831 1993 comitante
847 1929 980 1994 iuuenta

211 2011 258 2076 Ut
271 2016 404 2076 nossent
419 2012 497 2096 quid
510 2013 628 2096 puppis
644 2015 712 2076 erat
727 2013 804 2096 quid
824 2014 896 2077 uela
911 2015 988 2097 quid
1006 2013 1111 2078 arbor.

212 2095 359 2160 Membra
372 2096 435 2160 uiri
450 2118 526 2161 mox
540 2096 628 2160 nuda
642 2096 755 2160 uident
761 2097 924 2182 fugientis
940 2097 980 2162 ad
1000 2099 1112 2181 undas,

212 2180 313 2254 Quem
325 2181 470 2264 sequitur
481 2180 601 2244 directa
611 2180 927 2264 manusoapiuntque
963 2185 1114 2246 auentem

210 2263 255 2329 Et
268 2265 417 2329 manibus
428 2269 503 2349 post
512 2269 605 2348 terga
619 2264 732 2348 ligant.
753 2267 832 2327 tunc
846 2264 929 2328 Iuno
940 2203 1113 2349 ilytheren,

164 2360 199 2408 50
214 2347 260 2412 Ut
274 2348 356 2412 uidit
371 2349 522 2414 iuuenem
537 2346 701 2432 Scythicas
716 2350 835 2412 artasse
851 2353 980 2412 catenas

214 2431 258 2497 Et
273 2433 406 2515 pauidos
420 2432 456 2498 fu
480 2435 541 2497 isse
557 2433 652 2497 simul
668 2454 740 2497 oum
755 2453 862 2517 puppe
878 2433 1013 2516 sodales,

214 2516 298 2581 Adlo
323 2517 425 2581 uitur:
442 2455 580 2582 ‘lasciua
594 2516 706 2582 Uenus
720 2517 860 2582 iucunda
874 2517 1020 2581 modesta

213 2539 340 2665 Blania
353 2606 468 2685 potens
482 2601 569 2666 mitis
583 2601 721 2666 fecunda
735 2605 887 2666 uenustas
902 2602 1020 2666 amoris

214 2683 355 2749 Pulchra
369 2686 573 2770 uoluptatum
589 2686 736 2770 genetrix
751 2691 783 2750 et
802 2708 923 2751 numen
939 2689 1114 2768 amantum,
1228 2717 1229 2766 3

164 2779 198 2829 oo
213 2768 259 2833 Te
275 2769 385 2833 diuum
400 2771 513 2854 regina
525 2790 640 2853 precor
654 2774 802 2834 matrona
816 2769 987 2835 Tonantis:
1228 2777 1229 2812 ³

214 2853 275 2918 Est
288 2853 385 2918 nimis
401 2858 550 2938 acceptus
566 2855 692 2919 iuuenis
707 2853 788 2917 mihi
801 2854 936 2938 pulcher
949 2855 1047 2920 Iason

217 2937 279 3012 Qui
291 2937 433 3023 gelidum
442 2938 604 3036 quondam
616 2959 741 3002 mecum
752 2942 980 3003 transnauerat
988 2939 1116 3022 Istrum,
1227 2951 1228 3012 ξ

205 3021 259 3092 ‚Et
272 3043 360 3088 nunc
374 3023 489 3088 infehx
502 3021 643 3088 trahitur
658 3023 805 3106 captiuus
820 3023 861 3086 ad
875 3024 982 3088 aulam
1227 3033 1228 3040 ’

220 3279 252 3327 39
271 3277 396 3328 medulas
412 3280 461 3329 sed
473 3274 561 3328 'altero
578 3279 587 3328 l
604 3295 685 3343 supra
704 3296 720 3328 a
738 3281 837 3329 literam
855 3280 961 3343 appioto
978 3284 1016 3327 est
1084 3279 1117 3327 32

151 3343 274 3408 Phryxei
326 3347 358 3396 33
377 3345 423 3394 dui
485 3349 518 3396 39
536 3346 647 3397 tabidas
697 3349 731 3396 40
750 3347 871 3404 nuntius]
890 3345 1023 3410 Mutiusp
1084 3345 1118 3394 44
1224 3403 1226 3412 Α

149 3413 216 3474 sore.
240 3411 358 3462 Colchus
443 3415 476 3464 46
501 3419 597 3464 nosset
622 3430 691 3464 corr.
713 3413 810 3463 Baect.
894 3414 927 3462 49
954 3411 1083 3464 citherem

152 3480 187 3530 53
205 3485 337 3530 uenustas
355 3480 456 3531 amoris
473 3490 619 3547 corruptam
636 3481 738 3531 uidetur
