<?xml version="1.0" encoding="UTF-8"?>
<!DOCTYPE html PUBLIC "-//W3C//DTD XHTML 1.0 Transitional//EN"
    "http://www.w3.org/TR/xhtml1/DTD/xhtml1-transitional.dtd">
<html xmlns="http://www.w3.org/1999/xhtml" xml:lang="en" lang="en">
 <head>
  <title>
</title>
<meta http-equiv="Content-Type" content="text/html;charset=utf-8" />
  <meta name='ocr-system' content='tesseract 3.04.00' />
  <meta name='ocr-capabilities' content='ocr_page ocr_carea ocr_par ocr_line ocrx_word'/>
</head>
<body>
  <div class='ocr_page' id='page_1' title='image "./dracontiicarmin01dracgoog_0103.png"; bbox 0 0 2474 3886; ppageno 0'>
   <div class='ocr_carea' id='block_1_1' title="bbox 433 205 671 256">
    <p class='ocr_par' dir='ltr' id='par_1_1' title="bbox 433 205 671 256">
     <span class='ocr_line' id='line_1_1' title="bbox 433 205 671 256; baseline 0 0"><span class='ocrx_word' id='word_1_1' title='bbox 433 205 671 256; x_wconf 82' lang='lat' dir='ltr'>SATISFACTIO</span> 
     </span>
    </p>
   </div>
   <div class='ocr_carea' id='block_1_2' title="bbox 72 355 1043 2636">
    <p class='ocr_par' dir='ltr' id='par_1_2' title="bbox 72 355 1043 2636">
     <span class='ocr_line' id='line_1_2' title="bbox 182 355 871 440; baseline 0 -20"><span class='ocrx_word' id='word_1_2' title='bbox 182 355 228 421; x_wconf 88' lang='lat' dir='ltr'>Ut</span> <span class='ocrx_word' id='word_1_3' title='bbox 243 356 331 419; x_wconf 90' lang='lat' dir='ltr'>canit</span> <span class='ocrx_word' id='word_1_4' title='bbox 345 355 385 418; x_wconf 91' lang='lat' dir='ltr'>ad</span> <span class='ocrx_word' id='word_1_5' title='bbox 399 355 537 438; x_wconf 85' lang='lat' dir='ltr'>populos</span> <span class='ocrx_word' id='word_1_6' title='bbox 551 355 672 440; x_wconf 79' lang='lat' dir='ltr'>pagina</span> <span class='ocrx_word' id='word_1_7' title='bbox 686 359 796 420; x_wconf 88' lang='lat' dir='ltr'>sancta</span> <span class='ocrx_word' id='word_1_8' title='bbox 811 357 871 440; x_wconf 88' lang='lat' dir='ltr'>dei,</span> 
     </span>
     <span class='ocr_line' id='line_1_3' title="bbox 140 439 870 523; baseline 0 -18"><span class='ocrx_word' id='word_1_9' title='bbox 140 440 311 523; x_wconf 66' lang='lat' dir='ltr'>sacrilegis</span> <span class='ocrx_word' id='word_1_10' title='bbox 326 439 468 503; x_wconf 86' lang='lat' dir='ltr'>referens</span> <span class='ocrx_word' id='word_1_11' title='bbox 484 439 633 503; x_wconf 88' lang='lat' dir='ltr'>caelestia</span> <span class='ocrx_word' id='word_1_12' title='bbox 647 439 723 503; x_wconf 90' lang='lat' dir='ltr'>iura.</span> <span class='ocrx_word' id='word_1_13' title='bbox 733 442 870 506; x_wconf 87' lang='lat' dir='ltr'>cateruis</span> 
     </span>
     <span class='ocr_line' id='line_1_4' title="bbox 183 523 855 607; baseline -0.001 -17"><span class='ocrx_word' id='word_1_14' title='bbox 183 523 314 590; x_wconf 80' lang='lat' dir='ltr'>Cinctus</span> <span class='ocrx_word' id='word_1_15' title='bbox 330 524 508 606; x_wconf 87' lang='lat' dir='ltr'>apostolica</span> <span class='ocrx_word' id='word_1_16' title='bbox 522 523 733 607; x_wconf 70' lang='lat' dir='ltr'><strong>discipulante</strong></span> <span class='ocrx_word' id='word_1_17' title='bbox 747 545 855 590; x_wconf 91' lang='lat' dir='ltr'>manu.</span> 
     </span>
     <span class='ocr_line' id='line_1_5' title="bbox 75 607 1010 692; baseline 0.002 -20"><span class='ocrx_word' id='word_1_18' title='bbox 75 623 124 672; x_wconf 81' lang='lat'>155</span> <span class='ocrx_word' id='word_1_19' title='bbox 139 607 259 674; x_wconf 88' lang='lat' dir='ltr'>Nonne</span> <span class='ocrx_word' id='word_1_20' title='bbox 275 607 326 671; x_wconf 90' lang='lat' dir='ltr'>dei</span> <span class='ocrx_word' id='word_1_21' title='bbox 341 611 513 692; x_wconf 89' lang='lat' dir='ltr'>praecepta</span> <span class='ocrx_word' id='word_1_22' title='bbox 527 607 640 672; x_wconf 86' lang='lat' dir='ltr'>iubent</span> <span class='ocrx_word' id='word_1_23' title='bbox 654 629 695 671; x_wconf 88' lang='lat' dir='ltr'>ne</span> <span class='ocrx_word' id='word_1_24' title='bbox 711 608 760 673; x_wconf 90' lang='lat' dir='ltr'>sol</span> <span class='ocrx_word' id='word_1_25' title='bbox 775 609 869 674; x_wconf 91' lang='lat' dir='ltr'>eadat</span> <span class='ocrx_word' id='word_1_26' title='bbox 885 611 1010 674; x_wconf 83' lang='lat' dir='ltr'>intrans</span> 
     </span>
     <span class='ocr_line' id='line_1_6' title="bbox 182 692 820 776; baseline 0 -20"><span class='ocrx_word' id='word_1_27' title='bbox 182 692 344 757; x_wconf 85' lang='lat' dir='ltr'>Irascente</span> <span class='ocrx_word' id='word_1_28' title='bbox 360 693 423 757; x_wconf 92' lang='lat' dir='ltr'>alic</span> <span class='ocrx_word' id='word_1_29' title='bbox 439 692 495 756; x_wconf 88' lang='lat' dir='ltr'>sed</span> <span class='ocrx_word' id='word_1_30' title='bbox 508 692 581 776; x_wconf 89' lang='lat' dir='ltr'>pius</span> <span class='ocrx_word' id='word_1_31' title='bbox 597 696 684 756; x_wconf 83' lang='lat' dir='ltr'>extet</span> <span class='ocrx_word' id='word_1_32' title='bbox 697 692 820 756; x_wconf 79' lang='lat' dir='ltr'>homo?</span> 
     </span>
     <span class='ocr_line' id='line_1_7' title="bbox 139 776 892 862; baseline 0 -20"><span class='ocrx_word' id='word_1_33' title='bbox 139 776 209 842; x_wconf 84' lang='lat' dir='ltr'>Rex</span> <span class='ocrx_word' id='word_1_34' title='bbox 223 777 429 841; x_wconf 90' lang='lat' dir='ltr'>inimicorum</span> <span class='ocrx_word' id='word_1_35' title='bbox 443 777 564 862; x_wconf 85' lang='lat' dir='ltr'>iugulis</span> <span class='ocrx_word' id='word_1_36' title='bbox 579 798 732 842; x_wconf 92' lang='lat' dir='ltr'>mucrone</span> <span class='ocrx_word' id='word_1_37' title='bbox 747 779 892 862; x_wconf 89' lang='lat' dir='ltr'>pepercit</span> 
     </span>
     <span class='ocr_line' id='line_1_8' title="bbox 181 861 922 928; baseline 0.001 -3"><span class='ocrx_word' id='word_1_38' title='bbox 181 861 288 925; x_wconf 86' lang='lat' dir='ltr'>Dauid</span> <span class='ocrx_word' id='word_1_39' title='bbox 304 865 336 925; x_wconf 87' lang='grc'>11</span> <span class='ocrx_word' id='word_1_40' title='bbox 349 861 403 925; x_wconf 91' lang='lat' dir='ltr'>hic</span> <span class='ocrx_word' id='word_1_41' title='bbox 418 861 546 925; x_wconf 86' lang='lat' dir='ltr'>sceleris</span> <span class='ocrx_word' id='word_1_42' title='bbox 562 864 666 925; x_wconf 90' lang='lat' dir='ltr'>certus</span> <span class='ocrx_word' id='word_1_43' title='bbox 682 861 809 926; x_wconf 86' lang='lat' dir='ltr'>adulter</span> <span class='ocrx_word' id='word_1_44' title='bbox 822 863 922 928; x_wconf 88' lang='lat' dir='ltr'>inest:</span> 
     </span>
     <span class='ocr_line' id='line_1_9' title="bbox 141 945 935 1028; baseline 0 -18"><span class='ocrx_word' id='word_1_45' title='bbox 141 945 315 1011; x_wconf 81' lang='lat' dir='ltr'>Confessus</span> <span class='ocrx_word' id='word_1_46' title='bbox 329 945 455 1010; x_wconf 88' lang='lat' dir='ltr'>facinus</span> <span class='ocrx_word' id='word_1_47' title='bbox 474 946 600 1009; x_wconf 88' lang='lat' dir='ltr'>ueniam</span> <span class='ocrx_word' id='word_1_48' title='bbox 614 968 673 1028; x_wconf 91' lang='lat' dir='ltr'>pro</span> <span class='ocrx_word' id='word_1_49' title='bbox 691 946 779 1010; x_wconf 88' lang='lat' dir='ltr'>clade</span> <span class='ocrx_word' id='word_1_50' title='bbox 794 951 935 1012; x_wconf 89' lang='lat' dir='ltr'>meretur</span> 
     </span>
     <span class='ocr_line' id='line_1_10' title="bbox 74 1027 824 1113; baseline 0.003 -20"><span class='ocrx_word' id='word_1_51' title='bbox 74 1044 128 1094; x_wconf 83' lang='lat'>160</span> <span class='ocrx_word' id='word_1_52' title='bbox 184 1027 310 1095; x_wconf 86' lang='lat' dir='ltr'>Noxius</span> <span class='ocrx_word' id='word_1_53' title='bbox 324 1031 457 1113; x_wconf 86' lang='lat' dir='ltr'>impunc</span> <span class='ocrx_word' id='word_1_54' title='bbox 471 1031 524 1094; x_wconf 90' lang='lat' dir='ltr'>uel</span> <span class='ocrx_word' id='word_1_55' title='bbox 539 1030 607 1094; x_wconf 90' lang='lat' dir='ltr'>sine</span> <span class='ocrx_word' id='word_1_56' title='bbox 623 1034 726 1095; x_wconf 83' lang='lat' dir='ltr'>morte</span> <span class='ocrx_word' id='word_1_57' title='bbox 741 1052 824 1096; x_wconf 89' lang='lat' dir='ltr'>reus.</span> 
     </span>
     <span class='ocr_line' id='line_1_11' title="bbox 138 1113 908 1197; baseline 0.003 -19"><span class='ocrx_word' id='word_1_58' title='bbox 138 1113 275 1197; x_wconf 83' lang='lat' dir='ltr'>Insuper</span> <span class='ocrx_word' id='word_1_59' title='bbox 291 1119 323 1178; x_wconf 89' lang='lat' dir='ltr'>et</span> <span class='ocrx_word' id='word_1_60' title='bbox 338 1113 492 1179; x_wconf 80' lang='lat' dir='ltr'>Salomon</span> <span class='ocrx_word' id='word_1_61' title='bbox 507 1116 617 1179; x_wconf 88' lang='lat' dir='ltr'>eadem</span> <span class='ocrx_word' id='word_1_62' title='bbox 631 1115 766 1179; x_wconf 89' lang='lat' dir='ltr'>muliere</span> <span class='ocrx_word' id='word_1_63' title='bbox 782 1119 908 1180; x_wconf 71' lang='lat' dir='ltr'>creatus</span> 
     </span>
     <span class='ocr_line' id='line_1_12' title="bbox 183 1197 948 1274; baseline 0.003 -12"><span class='ocrx_word' id='word_1_64' title='bbox 183 1197 271 1274; x_wconf 81' lang='lat' dir='ltr'>Quae</span> <span class='ocrx_word' id='word_1_65' title='bbox 287 1200 389 1264; x_wconf 89' lang='lat' dir='ltr'>scelus</span> <span class='ocrx_word' id='word_1_66' title='bbox 404 1199 545 1263; x_wconf 89' lang='lat' dir='ltr'>ammisit</span> <span class='ocrx_word' id='word_1_67' title='bbox 559 1220 675 1262; x_wconf 90' lang='lat' dir='ltr'>munus</span> <span class='ocrx_word' id='word_1_68' title='bbox 690 1199 822 1265; x_wconf 90' lang='lat' dir='ltr'>honoris</span> <span class='ocrx_word' id='word_1_69' title='bbox 837 1201 948 1265; x_wconf 90' lang='lat' dir='ltr'>habet:</span> 
     </span>
     <span class='ocr_line' id='line_1_13' title="bbox 139 1281 899 1368; baseline 0.003 -22"><span class='ocrx_word' id='word_1_70' title='bbox 139 1281 172 1347; x_wconf 92' lang='lat' dir='ltr'>N</span> <span class='ocrx_word' id='word_1_71' title='bbox 174 1304 217 1346; x_wconf 90' lang='lat' dir='ltr'>on</span> <span class='ocrx_word' id='word_1_72' title='bbox 232 1283 270 1346; x_wconf 89' lang='lat' dir='ltr'>fit</span> <span class='ocrx_word' id='word_1_73' title='bbox 283 1284 464 1348; x_wconf 83' lang='lat' dir='ltr'>Abessalon</span> <span class='ocrx_word' id='word_1_74' title='bbox 478 1284 572 1348; x_wconf 90' lang='lat' dir='ltr'>heres</span> <span class='ocrx_word' id='word_1_75' title='bbox 588 1283 626 1346; x_wconf 90' lang='lat' dir='ltr'>de</span> <span class='ocrx_word' id='word_1_76' title='bbox 641 1284 779 1368; x_wconf 86' lang='lat' dir='ltr'>coniuge</span> <span class='ocrx_word' id='word_1_77' title='bbox 794 1288 899 1366; x_wconf 81' lang='lat' dir='ltr'>natus,</span> 
     </span>
     <span class='ocr_line' id='line_1_14' title="bbox 183 1365 930 1451; baseline 0 -19"><span class='ocrx_word' id='word_1_78' title='bbox 183 1365 246 1432; x_wconf 80' lang='lat' dir='ltr'>Sed</span> <span class='ocrx_word' id='word_1_79' title='bbox 261 1366 389 1432; x_wconf 89' lang='lat' dir='ltr'>sceleris</span> <span class='ocrx_word' id='word_1_80' title='bbox 404 1368 529 1432; x_wconf 88' lang='lat' dir='ltr'>fructus</span> <span class='ocrx_word' id='word_1_81' title='bbox 543 1371 669 1451; x_wconf 87' lang='lat' dir='ltr'>sceptra</span> <span class='ocrx_word' id='word_1_82' title='bbox 682 1373 817 1450; x_wconf 90' lang='lat' dir='ltr'>patema</span> <span class='ocrx_word' id='word_1_83' title='bbox 832 1372 930 1433; x_wconf 90' lang='lat' dir='ltr'>tenet.</span> 
     </span>
     <span class='ocr_line' id='line_1_15' title="bbox 74 1451 922 1536; baseline 0.005 -23"><span class='ocrx_word' id='word_1_84' title='bbox 74 1464 126 1514; x_wconf 82' lang='grc'>161</span> <span class='ocrx_word' id='word_1_85' title='bbox 140 1451 225 1516; x_wconf 83' lang='lat' dir='ltr'>Ecce</span> <span class='ocrx_word' id='word_1_86' title='bbox 241 1451 318 1534; x_wconf 88' lang='lat' dir='ltr'>quid</span> <span class='ocrx_word' id='word_1_87' title='bbox 333 1453 491 1535; x_wconf 85' lang='lat' dir='ltr'>impendit</span> <span class='ocrx_word' id='word_1_88' title='bbox 503 1453 588 1536; x_wconf 82' lang='lat' dir='ltr'>patri</span> <span class='ocrx_word' id='word_1_89' title='bbox 604 1452 775 1516; x_wconf 88' lang='lat' dir='ltr'>clementia</span> <span class='ocrx_word' id='word_1_90' title='bbox 788 1475 922 1536; x_wconf 81' lang='lat' dir='ltr'>parcens</span> 
     </span>
     <span class='ocr_line' id='line_1_16' title="bbox 182 1533 859 1621; baseline 0.003 -22"><span class='ocrx_word' id='word_1_91' title='bbox 182 1533 229 1601; x_wconf 92' lang='lat' dir='ltr'>Ut</span> <span class='ocrx_word' id='word_1_92' title='bbox 243 1535 305 1599; x_wconf 89' lang='lat' dir='ltr'>sibi</span> <span class='ocrx_word' id='word_1_93' title='bbox 320 1558 421 1621; x_wconf 83' lang='lat' dir='ltr'>regna</span> <span class='ocrx_word' id='word_1_94' title='bbox 435 1535 526 1601; x_wconf 86' lang='lat' dir='ltr'>daret</span> <span class='ocrx_word' id='word_1_95' title='bbox 540 1541 577 1601; x_wconf 89' lang='lat' dir='ltr'>ut</span> <span class='ocrx_word' id='word_1_96' title='bbox 592 1537 682 1601; x_wconf 90' lang='lat' dir='ltr'>daret</span> <span class='ocrx_word' id='word_1_97' title='bbox 697 1541 730 1601; x_wconf 88' lang='lat' dir='ltr'>et</span> <span class='ocrx_word' id='word_1_98' title='bbox 745 1537 859 1602; x_wconf 88' lang='lat' dir='ltr'>suboli.</span> 
     </span>
     <span class='ocr_line' id='line_1_17' title="bbox 139 1619 947 1706; baseline 0.002 -23"><span class='ocrx_word' id='word_1_99' title='bbox 139 1619 213 1703; x_wconf 87' lang='lat' dir='ltr'>Ipse</span> <span class='ocrx_word' id='word_1_100' title='bbox 228 1621 433 1685; x_wconf 90' lang='lat' dir='ltr'>inimicorum</span> <span class='ocrx_word' id='word_1_101' title='bbox 448 1620 603 1686; x_wconf 79' lang='lat' dir='ltr'>Salomon</span> <span class='ocrx_word' id='word_1_102' title='bbox 618 1643 686 1686; x_wconf 91' lang='lat' dir='ltr'>non</span> <span class='ocrx_word' id='word_1_103' title='bbox 702 1621 785 1686; x_wconf 91' lang='lat' dir='ltr'>colla</span> <span class='ocrx_word' id='word_1_104' title='bbox 798 1623 947 1706; x_wconf 77' lang='lat' dir='ltr'>poposcit</span> 
     </span>
     <span class='ocr_line' id='line_1_18' title="bbox 182 1703 966 1790; baseline 0.001 -22"><span class='ocrx_word' id='word_1_105' title='bbox 182 1703 270 1768; x_wconf 89' lang='lat' dir='ltr'>Dum</span> <span class='ocrx_word' id='word_1_106' title='bbox 284 1709 407 1788; x_wconf 90' lang='lat' dir='ltr'>peteret</span> <span class='ocrx_word' id='word_1_107' title='bbox 421 1706 597 1789; x_wconf 85' lang='lat' dir='ltr'>dominum,</span> <span class='ocrx_word' id='word_1_108' title='bbox 614 1706 669 1770; x_wconf 89' lang='lat' dir='ltr'>sed</span> <span class='ocrx_word' id='word_1_109' title='bbox 684 1707 837 1789; x_wconf 88' lang='lat' dir='ltr'>sapientis</span> <span class='ocrx_word' id='word_1_110' title='bbox 854 1729 947 1790; x_wconf 88' lang='lat' dir='ltr'>opem</span> <span class='ocrx_word' id='word_1_111' title='bbox 959 1729 966 1769; x_wconf 91' lang='lat'><strong>:</strong></span> 
     </span>
     <span class='ocr_line' id='line_1_19' title="bbox 138 1785 942 1874; baseline 0.001 -21"><span class='ocrx_word' id='word_1_112' title='bbox 138 1785 258 1854; x_wconf 85' lang='lat' dir='ltr'>Extitit</span> <span class='ocrx_word' id='word_1_113' title='bbox 271 1789 325 1853; x_wconf 95' lang='lat' dir='ltr'>hic</span> <span class='ocrx_word' id='word_1_114' title='bbox 339 1789 480 1873; x_wconf 89' lang='lat' dir='ltr'>prudens</span> <span class='ocrx_word' id='word_1_115' title='bbox 496 1791 572 1874; x_wconf 89' lang='lat' dir='ltr'>quia</span> <span class='ocrx_word' id='word_1_116' title='bbox 586 1791 693 1855; x_wconf 90' lang='lat' dir='ltr'>noluit</span> <span class='ocrx_word' id='word_1_117' title='bbox 708 1812 776 1856; x_wconf 91' lang='lat' dir='ltr'>esse</span> <span class='ocrx_word' id='word_1_118' title='bbox 792 1795 942 1855; x_wconf 87' lang='lat' dir='ltr'>cruentus</span> 
     </span>
     <span class='ocr_line' id='line_1_20' title="bbox 73 1873 804 1959; baseline 0.008 -25"><span class='ocrx_word' id='word_1_119' title='bbox 73 1887 125 1934; x_wconf 81' lang='lat'>170</span> <span class='ocrx_word' id='word_1_120' title='bbox 183 1873 403 1957; x_wconf 89' lang='lat' dir='ltr'>Pacificusque</span> <span class='ocrx_word' id='word_1_121' title='bbox 417 1875 481 1939; x_wconf 90' lang='lat' dir='ltr'>fuit</span> <span class='ocrx_word' id='word_1_122' title='bbox 495 1875 685 1959; x_wconf 84' lang='lat' dir='ltr'>consiliique</span> <span class='ocrx_word' id='word_1_123' title='bbox 698 1879 804 1940; x_wconf 85' lang='lat' dir='ltr'>tenax.</span> 
     </span>
     <span class='ocr_line' id='line_1_21' title="bbox 139 1956 1043 2106; baseline 0.002 -85"><span class='ocrx_word' id='word_1_124' title='bbox 139 1956 323 2106; x_wconf 59' lang='lat' dir='ltr'>Stpprlranus</span> <span class='ocrx_word' id='word_1_125' title='bbox 334 1962 409 2022; x_wconf 89' lang='lat' dir='ltr'>ante</span> <span class='ocrx_word' id='word_1_126' title='bbox 425 1959 506 2024; x_wconf 88' lang='lat' dir='ltr'>alios</span> <span class='ocrx_word' id='word_1_127' title='bbox 521 1959 665 2042; x_wconf 87' lang='lat' dir='ltr'>lapidum</span> <span class='ocrx_word' id='word_1_128' title='bbox 680 1959 739 2024; x_wconf 88' lang='lat' dir='ltr'>sub</span> <span class='ocrx_word' id='word_1_129' title='bbox 751 1959 908 2044; x_wconf 83' lang='lat' dir='ltr'>grandine</span> <span class='ocrx_word' id='word_1_130' title='bbox 920 1962 1043 2044; x_wconf 81' lang='lat' dir='ltr'>martyr</span> 
     </span>
     <span class='ocr_line' id='line_1_22' title="bbox 215 2043 833 2127; baseline 0 -20"><span class='ocrx_word' id='word_1_131' title='bbox 215 2043 338 2107; x_wconf 85' lang='lat' dir='ltr'>ostibus</span> <span class='ocrx_word' id='word_1_132' title='bbox 354 2044 467 2108; x_wconf 86' lang='lat' dir='ltr'>orabat</span> <span class='ocrx_word' id='word_1_133' title='bbox 483 2048 597 2127; x_wconf 87' lang='lat' dir='ltr'>sponte</span> <span class='ocrx_word' id='word_1_134' title='bbox 613 2045 833 2108; x_wconf 68' lang='lat' dir='ltr'>sescentum</span> 
     </span>
     <span class='ocr_line' id='line_1_23' title="bbox 138 2123 964 2212; baseline 0 -22"><span class='ocrx_word' id='word_1_135' title='bbox 138 2123 227 2190; x_wconf 89' lang='lat' dir='ltr'>Haec</span> <span class='ocrx_word' id='word_1_136' title='bbox 242 2128 329 2191; x_wconf 91' lang='lat' dir='ltr'>bona</span> <span class='ocrx_word' id='word_1_137' title='bbox 343 2129 531 2211; x_wconf 77' lang='lat' dir='ltr'>simplicitas</span> <span class='ocrx_word' id='word_1_138' title='bbox 545 2131 688 2212; x_wconf 86' lang='lat' dir='ltr'>praestat</span> <span class='ocrx_word' id='word_1_139' title='bbox 702 2129 811 2191; x_wconf 89' lang='lat' dir='ltr'>ieiuna</span> <span class='ocrx_word' id='word_1_140' title='bbox 826 2129 964 2192; x_wconf 86' lang='lat' dir='ltr'>cruoris:</span> 
     </span>
     <span class='ocr_line' id='line_1_24' title="bbox 182 2209 945 2297; baseline 0.001 -24"><span class='ocrx_word' id='word_1_141' title='bbox 182 2209 243 2274; x_wconf 90' lang='lat' dir='ltr'>Uir</span> <span class='ocrx_word' id='word_1_142' title='bbox 258 2212 326 2276; x_wconf 88' lang='lat' dir='ltr'>sine</span> <span class='ocrx_word' id='word_1_143' title='bbox 341 2217 445 2277; x_wconf 85' lang='lat' dir='ltr'>morte</span> <span class='ocrx_word' id='word_1_144' title='bbox 461 2234 575 2297; x_wconf 83' lang='lat' dir='ltr'>gerens</span> <span class='ocrx_word' id='word_1_145' title='bbox 591 2212 638 2276; x_wconf 91' lang='lat' dir='ltr'>nil</span> <span class='ocrx_word' id='word_1_146' title='bbox 652 2211 751 2276; x_wconf 86' lang='lat' dir='ltr'>habet</span> <span class='ocrx_word' id='word_1_147' title='bbox 765 2212 832 2294; x_wconf 88' lang='lat' dir='ltr'>ipse</span> <span class='ocrx_word' id='word_1_148' title='bbox 848 2212 945 2275; x_wconf 88' lang='lat' dir='ltr'>necis.</span> 
     </span>
     <span class='ocr_line' id='line_1_25' title="bbox 72 2292 979 2380; baseline 0.002 -24"><span class='ocrx_word' id='word_1_149' title='bbox 72 2307 124 2357; x_wconf 78' lang='grc'>111</span> <span class='ocrx_word' id='word_1_150' title='bbox 141 2292 259 2360; x_wconf 80' lang='lat' dir='ltr'>Caesar</span> <span class='ocrx_word' id='word_1_151' title='bbox 273 2297 391 2380; x_wconf 89' lang='lat' dir='ltr'>ubique</span> <span class='ocrx_word' id='word_1_152' title='bbox 406 2301 522 2380; x_wconf 91' lang='lat' dir='ltr'>potens</span> <span class='ocrx_word' id='word_1_153' title='bbox 536 2297 623 2360; x_wconf 89' lang='lat' dir='ltr'>hosti</span> <span class='ocrx_word' id='word_1_154' title='bbox 637 2300 712 2380; x_wconf 88' lang='lat' dir='ltr'>post</span> <span class='ocrx_word' id='word_1_155' title='bbox 726 2296 812 2360; x_wconf 89' lang='lat' dir='ltr'>bella</span> <span class='ocrx_word' id='word_1_156' title='bbox 824 2295 979 2380; x_wconf 85' lang='lat' dir='ltr'>pepercit,</span> 
     </span>
     <span class='ocr_line' id='line_1_26' title="bbox 181 2379 876 2464; baseline -0.001 -20"><span class='ocrx_word' id='word_1_157' title='bbox 181 2379 226 2444; x_wconf 83' lang='lat' dir='ltr'>Et</span> <span class='ocrx_word' id='word_1_158' title='bbox 240 2382 326 2464; x_wconf 91' lang='lat' dir='ltr'>quod</span> <span class='ocrx_word' id='word_1_159' title='bbox 342 2385 411 2446; x_wconf 90' lang='lat' dir='ltr'>erat</span> <span class='ocrx_word' id='word_1_160' title='bbox 424 2382 516 2464; x_wconf 88' lang='lat' dir='ltr'>peius</span> <span class='ocrx_word' id='word_1_161' title='bbox 531 2382 611 2445; x_wconf 90' lang='lat' dir='ltr'>ciuis</span> <span class='ocrx_word' id='word_1_162' title='bbox 627 2385 661 2445; x_wconf 90' lang='lat' dir='ltr'>et</span> <span class='ocrx_word' id='word_1_163' title='bbox 673 2380 776 2446; x_wconf 86' lang='lat' dir='ltr'>hostis</span> <span class='ocrx_word' id='word_1_164' title='bbox 793 2383 876 2444; x_wconf 87' lang='lat' dir='ltr'>erat:</span> 
     </span>
     <span class='ocr_line' id='line_1_27' title="bbox 93 2461 991 2549; baseline 0 -21"><span class='ocrx_word' id='word_1_165' title='bbox 93 2503 107 2536; x_wconf 75' lang='lat'>.,‹</span> <span class='ocrx_word' id='word_1_166' title='bbox 140 2461 263 2546; x_wconf 84' lang='lat' dir='ltr'>Sponte</span> <span class='ocrx_word' id='word_1_167' title='bbox 277 2465 464 2530; x_wconf 77' lang='lat' dir='ltr'>facultatem</span> <span class='ocrx_word' id='word_1_168' title='bbox 478 2466 649 2530; x_wconf 85' lang='lat' dir='ltr'>redhibens</span> <span class='ocrx_word' id='word_1_169' title='bbox 664 2465 827 2549; x_wconf 87' lang='lat' dir='ltr'>reparauit</span> <span class='ocrx_word' id='word_1_170' title='bbox 841 2464 991 2548; x_wconf 88' lang='lat' dir='ltr'>honores,</span> 
     </span>
     <span class='ocr_line' id='line_1_28' title="bbox 183 2547 873 2636; baseline 0.001 -23"><span class='ocrx_word' id='word_1_171' title='bbox 183 2547 261 2614; x_wconf 91' lang='lat' dir='ltr'>Inde</span> <span class='ocrx_word' id='word_1_172' title='bbox 277 2553 411 2614; x_wconf 88' lang='lat' dir='ltr'>uocatus</span> <span class='ocrx_word' id='word_1_173' title='bbox 426 2550 493 2614; x_wconf 86' lang='lat' dir='ltr'>abit</span> <span class='ocrx_word' id='word_1_174' title='bbox 508 2550 624 2636; x_wconf 85' lang='lat' dir='ltr'>dignus</span> <span class='ocrx_word' id='word_1_175' title='bbox 639 2551 763 2616; x_wconf 89' lang='lat' dir='ltr'>honore</span> <span class='ocrx_word' id='word_1_176' title='bbox 778 2550 839 2614; x_wconf 87' lang='lat' dir='ltr'>dei.</span> <span class='ocrx_word' id='word_1_177' title='bbox 871 2584 873 2587; x_wconf 93' lang='lat'>·</span> 
     </span>
    </p>
   </div>
   <div class='ocr_carea' id='block_1_3' title="bbox 66 2755 1111 3564">
    <p class='ocr_par' dir='ltr' id='par_1_3' title="bbox 66 2755 1111 3564">
     <span class='ocr_line' id='line_1_29' title="bbox 70 2755 1045 2821; baseline 0.003 -19"><span class='ocrx_word' id='word_1_178' title='bbox 70 2755 238 2816; x_wconf 77' lang='lat' dir='ltr'>interpolatis</span> <span class='ocrx_word' id='word_1_179' title='bbox 259 2757 358 2821; x_wconf 76' lang='lat' dir='ltr'>tepitnr.</span> <span class='ocrx_word' id='word_1_180' title='bbox 395 2758 514 2806; x_wconf 81' lang='lat' dir='ltr'>uidentur</span> <span class='ocrx_word' id='word_1_181' title='bbox 536 2763 617 2806; x_wconf 78' lang='lat' dir='ltr'>auten</span> <span class='ocrx_word' id='word_1_182' title='bbox 638 2765 699 2820; x_wconf 81' lang='lat' dir='ltr'>post</span> <span class='ocrx_word' id='word_1_183' title='bbox 720 2757 784 2806; x_wconf 83' lang='lat' dir='ltr'>tnnc</span> <span class='ocrx_word' id='word_1_184' title='bbox 806 2771 905 2806; x_wconf 80' lang='lat' dir='ltr'>uersam</span> <span class='ocrx_word' id='word_1_185' title='bbox 925 2755 1045 2805; x_wconf 83' lang='lat' dir='ltr'>rronnalta</span> 
     </span>
     <span class='ocr_line' id='line_1_30' title="bbox 68 2822 1044 2889; baseline 0.003 -20"><span class='ocrx_word' id='word_1_186' title='bbox 68 2822 197 2886; x_wconf 83' lang='lat' dir='ltr'>periisse,</span> <span class='ocrx_word' id='word_1_187' title='bbox 221 2838 278 2870; x_wconf 85' lang='lat' dir='ltr'>nan</span> <span class='ocrx_word' id='word_1_188' title='bbox 299 2825 325 2871; x_wconf 84' lang='lat' dir='ltr'>in</span> <span class='ocrx_word' id='word_1_189' title='bbox 343 2825 504 2889; x_wconf 77' lang='lat' dir='ltr'>sequentibus</span> <span class='ocrx_word' id='word_1_190' title='bbox 526 2826 557 2873; x_wconf 86' lang='lat' dir='ltr'>de</span> <span class='ocrx_word' id='word_1_191' title='bbox 577 2823 677 2876; x_wconf 74' lang='lat' dir='ltr'>carino</span> <span class='ocrx_word' id='word_1_192' title='bbox 700 2825 785 2886; x_wconf 63' lang='lat' dir='ltr'>agitur</span> <span class='ocrx_word' id='word_1_193' title='bbox 855 2823 903 2872; x_wconf 89' lang='grc'>155</span> <span class='ocrx_word' id='word_1_194' title='bbox 921 2823 954 2885; x_wconf 79' lang='lat' dir='ltr'>cf.</span> <span class='ocrx_word' id='word_1_195' title='bbox 975 2823 1044 2872; x_wconf 87' lang='lat' dir='ltr'>Paa-</span> 
     </span>
     <span class='ocr_line' id='line_1_31' title="bbox 70 2887 1111 2955; baseline 0 -17"><span class='ocrx_word' id='word_1_196' title='bbox 70 2892 123 2938; x_wconf 84' lang='lat' dir='ltr'>lun</span> <span class='ocrx_word' id='word_1_197' title='bbox 141 2889 177 2938; x_wconf 85' lang='lat' dir='ltr'>ad</span> <span class='ocrx_word' id='word_1_198' title='bbox 193 2888 375 2955; x_wconf 81' lang='grc' dir='ltr'><strong>ΕρΙ111.4,26</strong></span> <span class='ocrx_word' id='word_1_199' title='bbox 393 2891 558 2941; x_wconf 77' lang='lat' dir='ltr'>Dracontion</span> <span class='ocrx_word' id='word_1_200' title='bbox 575 2893 602 2944; x_wconf 80' lang='lat' dir='ltr'>d.</span> <span class='ocrx_word' id='word_1_201' title='bbox 620 2893 668 2942; x_wconf 84' lang='lat' dir='ltr'>deo</span> <span class='ocrx_word' id='word_1_202' title='bbox 686 2891 728 2940; x_wconf 85' lang='grc' dir='ltr'>ΙΙΙ</span> <span class='ocrx_word' id='word_1_203' title='bbox 747 2893 797 2941; x_wconf 83' lang='grc'>599</span> <span class='ocrx_word' id='word_1_204' title='bbox 867 2891 915 2939; x_wconf 90' lang='grc'>157</span> <span class='ocrx_word' id='word_1_205' title='bbox 933 2887 1043 2955; x_wconf 86' lang='lat' dir='ltr'>populis</span> <span class='ocrx_word' id='word_1_206' title='bbox 1110 2891 1111 2896; x_wconf 76' lang='grc'>’</span> 
     </span>
     <span class='ocr_line' id='line_1_32' title="bbox 69 2957 1044 3022; baseline 0 -18"><span class='ocrx_word' id='word_1_207' title='bbox 69 2957 225 3020; x_wconf 86' lang='lat' dir='ltr'>interpolati</span> <span class='ocrx_word' id='word_1_208' title='bbox 246 2963 271 3006; x_wconf 90' lang='lat' dir='ltr'>et</span> <span class='ocrx_word' id='word_1_209' title='bbox 294 2959 423 3008; x_wconf 83' lang='lat' dir='ltr'>Areualns</span> <span class='ocrx_word' id='word_1_210' title='bbox 509 2960 558 3009; x_wconf 88' lang='grc'><strong>160</strong></span> <span class='ocrx_word' id='word_1_211' title='bbox 583 2973 643 3008; x_wconf 87' lang='lat' dir='ltr'>reus</span> <span class='ocrx_word' id='word_1_212' title='bbox 670 2975 706 3008; x_wconf 76' lang='lat' dir='ltr'>ea</span> <span class='ocrx_word' id='word_1_213' title='bbox 731 2959 893 3022; x_wconf 77' lang='lat' dir='ltr'>interpolatis</span> <span class='ocrx_word' id='word_1_214' title='bbox 915 2959 1044 3007; x_wconf 82' lang='lat' dir='ltr'>Areaalas</span> 
     </span>
     <span class='ocr_line' id='line_1_33' title="bbox 68 3025 1044 3090; baseline 0.003 -19"><span class='ocrx_word' id='word_1_215' title='bbox 68 3025 210 3086; x_wconf 83' lang='lat' dir='ltr'>suppleuit.</span> <span class='ocrx_word' id='word_1_216' title='bbox 232 3027 342 3090; x_wconf 82' lang='lat' dir='ltr'>spatium</span> <span class='ocrx_word' id='word_1_217' title='bbox 359 3042 421 3077; x_wconf 88' lang='lat' dir='ltr'>aero</span> <span class='ocrx_word' id='word_1_218' title='bbox 440 3028 465 3076; x_wconf 82' lang='lat' dir='ltr'>in</span> <span class='ocrx_word' id='word_1_219' title='bbox 479 3026 605 3077; x_wconf 83' lang='lat' dir='ltr'>Uaticano</span> <span class='ocrx_word' id='word_1_220' title='bbox 623 3029 710 3076; x_wconf 84' lang='lat' dir='ltr'>codice</span> <span class='ocrx_word' id='word_1_221' title='bbox 728 3028 828 3076; x_wconf 81' lang='lat' dir='ltr'>uidetur</span> <span class='ocrx_word' id='word_1_222' title='bbox 846 3026 959 3074; x_wconf 79' lang='lat' dir='ltr'>relictam</span> <span class='ocrx_word' id='word_1_223' title='bbox 977 3039 1044 3086; x_wconf 82' lang='grc'><strong>1111,</strong></span> 
     </span>
     <span class='ocr_line' id='line_1_34' title="bbox 70 3093 1045 3159; baseline -0.001 -19"><span class='ocrx_word' id='word_1_224' title='bbox 70 3105 128 3140; x_wconf 86' lang='lat' dir='ltr'>cum</span> <span class='ocrx_word' id='word_1_225' title='bbox 149 3093 361 3155; x_wconf 76' lang='lat' dir='ltr'>interpunctionis</span> <span class='ocrx_word' id='word_1_226' title='bbox 384 3101 444 3144; x_wconf 89' lang='lat' dir='ltr'>ncta</span> <span class='ocrx_word' id='word_1_227' title='bbox 471 3109 520 3159; x_wconf 82' lang='lat' dir='ltr'>qna</span> <span class='ocrx_word' id='word_1_228' title='bbox 543 3095 652 3143; x_wconf 75' lang='lat' dir='ltr'>disticha</span> <span class='ocrx_word' id='word_1_229' title='bbox 673 3097 774 3157; x_wconf 80' lang='lat' dir='ltr'>sinpnia</span> <span class='ocrx_word' id='word_1_230' title='bbox 796 3095 962 3143; x_wconf 82' lang='lat' dir='ltr'>terminantur</span> <span class='ocrx_word' id='word_1_231' title='bbox 983 3097 1045 3154; x_wconf 83' lang='lat' dir='ltr'>post</span> 
     </span>
     <span class='ocr_line' id='line_1_35' title="bbox 68 3159 1042 3225; baseline -0.001 -19"><span class='ocrx_word' id='word_1_232' title='bbox 68 3161 160 3207; x_wconf 90' lang='lat' dir='ltr'>morte</span> <span class='ocrx_word' id='word_1_233' title='bbox 177 3174 227 3208; x_wconf 90' lang='lat' dir='ltr'>non</span> <span class='ocrx_word' id='word_1_234' title='bbox 246 3161 419 3225; x_wconf 83' lang='lat' dir='ltr'>conspiciatur</span> <span class='ocrx_word' id='word_1_235' title='bbox 489 3162 537 3212; x_wconf 76' lang='lat'>162</span> <span class='ocrx_word' id='word_1_236' title='bbox 557 3161 668 3210; x_wconf 83' lang='lat' dir='ltr'>admisit</span> <span class='ocrx_word' id='word_1_237' title='bbox 690 3163 782 3211; x_wconf 83' lang='lat' dir='ltr'>editam</span> <span class='ocrx_word' id='word_1_238' title='bbox 852 3161 900 3210; x_wconf 90' lang='grc'>163</span> <span class='ocrx_word' id='word_1_239' title='bbox 919 3159 955 3208; x_wconf 83' lang='lat' dir='ltr'>sit</span> <span class='ocrx_word' id='word_1_240' title='bbox 973 3171 1042 3207; x_wconf 84' lang='lat' dir='ltr'>corr.</span> 
     </span>
     <span class='ocr_line' id='line_1_36' title="bbox 70 3223 1045 3292; baseline 0 -18"><span class='ocrx_word' id='word_1_241' title='bbox 70 3226 213 3278; x_wconf 84' lang='lat' dir='ltr'>Arenalnc.</span> <span class='ocrx_word' id='word_1_242' title='bbox 242 3235 301 3278; x_wconf 82' lang='lat' dir='ltr'>sunt</span> <span class='ocrx_word' id='word_1_243' title='bbox 317 3229 425 3278; x_wconf 78' lang='lat' dir='ltr'>antemi</span> <span class='ocrx_word' id='word_1_244' title='bbox 440 3236 465 3278; x_wconf 92' lang='lat' dir='ltr'>et</span> <span class='ocrx_word' id='word_1_245' title='bbox 483 3245 496 3279; x_wconf 92' lang='lat' dir='ltr'>s</span> <span class='ocrx_word' id='word_1_246' title='bbox 514 3231 605 3278; x_wconf 86' lang='lat' dir='ltr'>literae</span> <span class='ocrx_word' id='word_1_247' title='bbox 623 3230 786 3292; x_wconf 80' lang='lat' dir='ltr'>difficillimae</span> <span class='ocrx_word' id='word_1_248' title='bbox 804 3229 925 3278; x_wconf 83' lang='lat' dir='ltr'>distincta</span> <span class='ocrx_word' id='word_1_249' title='bbox 994 3223 1045 3274; x_wconf 74' lang='lat'>165</span> 
     </span>
     <span class='ocr_line' id='line_1_37' title="bbox 68 3293 1043 3361; baseline -0.003 -19"><span class='ocrx_word' id='word_1_250' title='bbox 68 3295 164 3358; x_wconf 86' lang='lat' dir='ltr'>patris</span> <span class='ocrx_word' id='word_1_251' title='bbox 180 3294 215 3356; x_wconf 83' lang='lat' dir='ltr'>cf.</span> <span class='ocrx_word' id='word_1_252' title='bbox 229 3313 254 3350; x_wconf 75' lang='lat' dir='ltr'>n.</span> <span class='ocrx_word' id='word_1_253' title='bbox 269 3297 316 3346; x_wconf 89' lang='grc'>191</span> <span class='ocrx_word' id='word_1_254' title='bbox 387 3297 435 3346; x_wconf 88' lang='grc'>166</span> <span class='ocrx_word' id='word_1_255' title='bbox 454 3301 484 3345; x_wconf 82' lang='lat' dir='ltr'>ut</span> <span class='ocrx_word' id='word_1_256' title='bbox 502 3297 556 3346; x_wconf 87' lang='lat' dir='ltr'>sibi</span> <span class='ocrx_word' id='word_1_257' title='bbox 573 3311 658 3361; x_wconf 83' lang='lat' dir='ltr'>regna</span> <span class='ocrx_word' id='word_1_258' title='bbox 677 3297 756 3347; x_wconf 86' lang='lat' dir='ltr'>daret</span> <span class='ocrx_word' id='word_1_259' title='bbox 774 3299 803 3346; x_wconf 91' lang='grc'>11</span> <span class='ocrx_word' id='word_1_260' title='bbox 817 3295 869 3345; x_wconf 89' lang='lat' dir='ltr'>sub</span> <span class='ocrx_word' id='word_1_261' title='bbox 887 3293 949 3343; x_wconf 77' lang='lat' dir='ltr'>nitati</span> <span class='ocrx_word' id='word_1_262' title='bbox 965 3295 1043 3340; x_wconf 83' lang='lat' dir='ltr'>altra.</span> 
     </span>
     <span class='ocr_line' id='line_1_38' title="bbox 68 3361 1044 3415; baseline -0.002 -5"><span class='ocrx_word' id='word_1_263' title='bbox 68 3361 125 3410; x_wconf 71' lang='lat' dir='ltr'>said.</span> <span class='ocrx_word' id='word_1_264' title='bbox 144 3361 346 3413; x_wconf 73' lang='grc'><strong>1111116611</strong></span> <span class='ocrx_word' id='word_1_265' title='bbox 365 3363 490 3414; x_wconf 83' lang='grc'><strong>(1111111</strong></span> <span class='ocrx_word' id='word_1_266' title='bbox 513 3363 603 3413; x_wconf 87' lang='lat' dir='ltr'>scholi</span> <span class='ocrx_word' id='word_1_267' title='bbox 621 3365 750 3415; x_wconf 72' lang='lat' dir='ltr'>Arenata-s</span> <span class='ocrx_word' id='word_1_268' title='bbox 772 3362 885 3413; x_wconf 81' lang='lat' dir='ltr'>restitnit</span> <span class='ocrx_word' id='word_1_269' title='bbox 907 3377 941 3410; x_wconf 76' lang='lat' dir='ltr'>ccc</span> <span class='ocrx_word' id='word_1_270' title='bbox 963 3363 1044 3410; x_wconf 86' lang='lat' dir='ltr'>inter·</span> 
     </span>
     <span class='ocr_line' id='line_1_39' title="bbox 66 3427 1042 3496; baseline -0.001 -18"><span class='ocrx_word' id='word_1_271' title='bbox 66 3431 168 3492; x_wconf 81' lang='lat' dir='ltr'>potatis</span> <span class='ocrx_word' id='word_1_272' title='bbox 237 3429 286 3481; x_wconf 89' lang='grc'>174</span> <span class='ocrx_word' id='word_1_273' title='bbox 305 3431 399 3482; x_wconf 83' lang='lat' dir='ltr'>furens</span> <span class='ocrx_word' id='word_1_274' title='bbox 418 3433 569 3496; x_wconf 80' lang='lat' dir='ltr'>interpolati</span> <span class='ocrx_word' id='word_1_275' title='bbox 585 3439 611 3482; x_wconf 90' lang='lat' dir='ltr'>et</span> <span class='ocrx_word' id='word_1_276' title='bbox 628 3433 756 3482; x_wconf 77' lang='lat' dir='ltr'>Arenata</span> <span class='ocrx_word' id='word_1_277' title='bbox 826 3431 874 3480; x_wconf 90' lang='grc'>177</span> <span class='ocrx_word' id='word_1_278' title='bbox 893 3427 1042 3478; x_wconf 88' lang='lat' dir='ltr'>redhibens</span> 
     </span>
     <span class='ocr_line' id='line_1_40' title="bbox 68 3496 982 3564; baseline 0.005 -19"><span class='ocrx_word' id='word_1_279' title='bbox 68 3498 186 3561; x_wconf 85' lang='lat' dir='ltr'>parauit</span> <span class='ocrx_word' id='word_1_280' title='bbox 203 3511 271 3552; x_wconf 87' lang='lat' dir='ltr'>carr.</span> <span class='ocrx_word' id='word_1_281' title='bbox 290 3499 434 3550; x_wconf 82' lang='lat' dir='ltr'>Arenalns&#39;</span> <span class='ocrx_word' id='word_1_282' title='bbox 485 3499 533 3558; x_wconf 83' lang='grc'>178</span> <span class='ocrx_word' id='word_1_283' title='bbox 552 3499 611 3550; x_wconf 82' lang='lat' dir='ltr'>obit</span> <span class='ocrx_word' id='word_1_284' title='bbox 629 3499 709 3550; x_wconf 85' lang='lat' dir='ltr'>diuus</span> <span class='ocrx_word' id='word_1_285' title='bbox 731 3499 868 3564; x_wconf 82' lang='lat' dir='ltr'>proposuit</span> <span class='ocrx_word' id='word_1_286' title='bbox 885 3496 982 3550; x_wconf 77' lang='lat' dir='ltr'>Bucen.</span> 
     </span>
    </p>
   </div>
   <div class='ocr_carea' id='block_1_4' title="bbox 0 0 1242 3886">
    <p class='ocr_par' dir='ltr' id='par_1_4' title="bbox 0 0 1242 3886">
     <span class='ocr_line' id='line_1_41' title="bbox 0 0 1242 3886; baseline 0 2"><span class='ocrx_word' id='word_1_287' title='bbox 0 0 1242 3886; x_wconf 95' lang='lat' dir='ltr'> </span> 
     </span>
    </p>
   </div>
  </div>
 </body>
</html>
