2474 3886
200 204 242 268 88
572 201 810 255 SATISFAOTIO

263 354 339 437 Ipsa
353 351 493 417 medulla
508 352 612 416 latens
628 351 778 416 obseruat
793 372 914 416 cornua
931 351 1037 436 lunae,

307 436 490 502 Obseruant
502 435 599 500 lunae
613 439 699 500 tecta
714 435 843 500 cerebra
856 435 980 520 globos.
1117 433 1122 440 ’

265 520 322 587 Sol
337 521 447 586 oculus
463 520 543 585 caeli
557 519 685 584 radians
700 520 844 584 fuscatur
859 520 1028 584 obumbra
1103 563 1109 574 ·

306 607 350 671 Et
363 611 474 670 tamen
488 604 529 668 ad
543 605 654 669 solitas
668 605 758 688 itque
772 605 918 687 reditque
932 603 1053 688 plagas,

200 703 250 753 245
266 692 315 755 Ac
330 690 445 774 recipit
459 689 557 753 facies
567 689 689 772 priscas
699 689 849 772 lucesque
864 689 1011 752 resumit:

307 775 435 839 Damna
449 774 502 837 uel
516 777 725 858 augmentum
740 773 818 836 dant
833 773 999 856 elementa,
1015 772 1143 837 ferunt.

263 861 439 924 Alternant
454 858 612 922 elementa
627 858 713 922 uices
730 860 762 922 et
775 861 921 940 tempore
935 861 1070 941 mutant,

307 943 447 1026 Tempus
462 941 584 1006 habent
597 945 708 1006 noctes
723 945 850 1024 tempus
866 945 899 1006 et
913 942 981 1024 ipse
996 941 1072 1006 dier.

267 1027 440 1110 Accipiunt
454 1030 629 1109 augmenta
644 1026 710 1090 dies
725 1030 899 1110 noctesque
914 1026 1066 1109 uicissim,

200 1125 251 1173 ⁸250
306 1111 474 1174 Amittunt
488 1131 598 1174 oureus
612 1114 744 1194 perpete
759 1111 831 1196 lege
845 1109 924 1194 poli.

265 1196 425 1278 Tempora
440 1197 516 1258 suut
530 1195 661 1278 florum,
678 1195 796 1259 retinet
810 1217 868 1259 sua
881 1198 1028 1278 tempora
1041 1197 1166 1278 messis,

308 1279 449 1363 Tempus
465 1283 497 1343 et
511 1284 694 1361 autumnus
708 1283 835 1363 tempus
851 1279 973 1343 habent
986 1278 1127 1343 hiemes:

266 1363 334 1428 Uer
347 1368 450 1428 aestas
466 1367 639 1428 autumnus
653 1363 757 1428 hieme
772 1363 855 1427 redit
866 1385 970 1427 annus
984 1363 1020 1426 in
1035 1385 1166 1446 annum,

307 1448 468 1524 Quattuor
479 1447 1013 1546 alternanttemporatemporibus.
1097 1439 1101 1448 ’

200 1545 249 1595 255
267 1533 384 1598 Omnia
400 1555 471 1597 cum
487 1532 620 1596 redeant
633 1532 759 1598 hommi
774 1538 914 1597 sualnon
928 1533 1012 1596 redit
1026 1536 1126 1615 aetas,

307 1617 369 1681 Sed
384 1617 474 1680 uelut
488 1616 569 1680 acris
585 1617 654 1680 auis
669 1617 714 1681 sic
728 1616 870 1702 fugitiua
884 1617 983 1681 uolat.

264 1701 424 1783 Tempora
438 1704 516 1764 sunt
528 1701 617 1782 pacis
632 1702 685 1765 uel
700 1704 846 1799 tempora
861 1704 949 1765 certa
963 1701 1098 1784 cruoris,

307 1783 382 1848 Otia
396 1788 523 1866 tempus
538 1783 661 1848 habent
675 1786 872 1869 militiaeque
887 1785 987 1850 labor.

263 1869 422 1951 Tempora
437 1867 608 1952 gaudendi,
624 1873 701 1933 sunt
714 1873 861 1952 tempora
875 1872 962 1934 certa
976 1868 1120 1953 dolendi,

200 1966 251 2015 260
308 1953 470 2037 Tempora
484 1952 563 2017 dant
576 1954 700 2018 lucrum
708 2003 716 2036 ‚
732 1958 879 2038 tempora
894 1954 1011 2018 damna
1024 1953 1146 2020 ferunt.

262 2037 385 2103 Nubila
399 2041 526 2121 tempus
541 2037 663 2102 habent
678 2043 710 2103 et
723 2042 870 2122 tempora
884 2042 971 2103 certa
985 2060 1149 2123 serenum,

306 2122 466 2208 Tempora
482 2123 604 2187 seruari
618 2123 711 2188 iussit
726 2126 758 2187 et
772 2123 842 2207 ipse
857 2122 944 2186 deus

262 2206 386 2272 Horam
402 2208 563 2292 quaesiuit
575 2207 697 2272 faciens
712 2207 867 2272 miracula
881 2206 1038 2284 Christus,

305 2292 428 2357 Horam
444 2293 587 2376 sperauit
601 2292 707 2374 passio
723 2295 834 2356 sancia
848 2292 961 2356 crucis.

199 2388 249 2438 265
265 2375 313 2441 Ut
326 2379 371 2442 mi
386 2377 543 2459 irascaris
561 2377 617 2458 qui
632 2377 692 2440 sim
707 2376 734 2440 si
749 2375 879 2460 dignior
892 2377 940 2440 ira
1207 2387 1208 2390 ’

306 2461 387 2524 Tam
401 2461 511 2543 magni
526 2460 611 2544 regis
626 2459 749 2524 iudicer
763 2481 831 2525 esse
845 2460 926 2524 tua?

264 2543 400 2620 Quando
415 2565 473 2627 per
488 2543 647 2608 aetherias
662 2545 771 2628 aquila
785 2545 943 2610 uolitante
957 2543 1090 2626 rapinas

308 2626 432 2692 Praeda
447 2628 601 2711 cibusque
615 2628 679 2694 fuit
692 2651 803 2712 passer
817 2629 957 2694 hirundo
971 2629 1089 2712 picus?

262 2709 398 2786 Quando
412 2711 513 2776 fames
527 2712 632 2777 rabidi
647 2714 794 2798 quamuis
809 2714 920 2778 ieiuna
933 2713 1038 2778 leonis
1206 2749 1207 2752 ¹

198 2809 250 2858 aro
308 2794 354 2859 Ut
369 2795 412 2860 sit
426 2797 594 2881 adoptauit
608 2797 754 2863 faucibus
770 2820 842 2864 esca
855 2799 971 2881 lepus?

266 3001 314 3049 241
335 3000 464 3052 obseruut
486 3020 556 3054 corr.
579 3019 614 3054 etc
637 3006 767 3055 obscurat
784 3020 850 3054 man.
866 3019 919 3053 rec.
986 3002 1037 3052 246
1058 3003 1175 3053 Damna

198 3100 233 3135 ue
250 3066 374 3135 lumentir
393 3085 487 3152 dantq;
506 3103 576 3142 corr.
590 3089 723 3139 Armatur.
740 3090 813 3138 mulis
832 3087 900 3137 dant
924 3102 995 3152 quae
1019 3088 1071 3136 nisi
1088 3088 1176 3138 obstet

198 3155 269 3204 elisio
287 3158 392 3204 molesta
410 3155 445 3218 cf.
464 3172 488 3203 a.
508 3157 540 3205 38
610 3156 660 3205 252
678 3158 839 3204 autumnum
866 3158 973 3220 tempus
991 3153 1080 3205 habet
1104 3159 1176 3221 quod

197 3223 294 3286 scripsi
314 3223 422 3273 coniecit
439 3223 568 3272 Areaalrs
647 3222 698 3272 265
719 3221 837 3272 hominis
855 3237 922 3277 corr.
943 3223 1073 3273 Armatus
1095 3220 1101 3286 ί
1122 3237 1176 3272 sus

198 3303 267 3342 corr.
284 3305 350 3340 man.
366 3305 419 3340 rec.
436 3291 554 3354 primitus
569 3290 620 3350 suit
636 3289 685 3338 uia
702 3291 742 3338 uel
760 3290 838 3339 saue
856 3292 919 3354 qaid
986 3291 1036 3340 262
1054 3304 1176 3342 seruare

231 3355 282 3406 263
300 3358 353 3406 uid.
371 3358 406 3406 ad
422 3373 446 3405 u.
465 3357 513 3405 123
565 3356 616 3404 266
633 3355 673 3404 Ut
690 3355 756 3403 mihi
773 3355 904 3406 irascaris
923 3357 969 3420 qui
987 3357 1039 3405 eim
1058 3356 1178 3423 dignior

198 3418 249 3471 irs.
279 3425 349 3486 quod
364 3425 459 3487 scripti
473 3422 610 3485 proposuit
627 3419 724 3470 Bacch.
755 3419 809 3470 Gur
826 3423 960 3474 irascaris
976 3423 1044 3473 mihi
1061 3438 1116 3476 our
1136 3427 1180 3476 sie

198 3483 308 3549 dignior
325 3489 367 3537 ira
384 3491 491 3562 scripsit
507 3487 636 3538 Arenaria
703 3488 753 3536 267
772 3487 894 3538 etheriae
963 3492 1014 3541 268
1032 3491 1135 3544 Prode.

576 3789 892 3860 „m
