2474 3886
207 193 249 258 36
615 189 767 242 nunnus

272 343 492 408 Membrorum
508 343 545 405 de
560 344 652 424 parte
668 340 771 423 dabit,
786 361 863 404 nam
878 342 1021 424 corporis
1036 347 1130 430 aegri

271 427 325 492 Fit
339 428 463 492 iactura
477 426 561 490 salus
577 429 609 489 et
623 425 708 489 uires
722 425 828 507 passio
843 429 986 508 praestat

210 524 258 574 1⁷5
272 511 357 588 Quas
373 511 498 576 auferre
513 509 603 574 solet.
632 509 694 573 hoc
711 529 768 574 uos
782 508 939 574 adsumite
954 511 1085 596 fratres,

125 615 203 667 [144]
251 606 254 614 ’
275 596 347 663 Hoc
363 597 449 662 ciues
464 594 570 659 audite
585 594 663 675 mei,
679 593 808 658 laudate
822 599 987 678 parentes,

273 682 380 747 Dicite
394 684 557 764 pastorem
572 677 680 763 gladio
695 678 824 760 pietatis
840 679 944 744 obire:

273 766 430 830 Fraterno
445 784 599 828 mucrone
614 761 715 826 cadat.
746 762 773 826 si
791 762 874 826 forte
889 763 1046 846 profanus

275 849 372 913 Hunc
387 848 482 912 feriet
496 847 678 930 quicunque
695 868 800 929 reum,
815 847 908 913 sitin
922 848 1000 912 urbe
1016 851 1181 934 sacerdos,

211 948 260 996 180
274 932 360 998 Cedo
375 932 447 996 loco
463 932 490 996 si
505 931 589 996 forte
604 952 676 994 meo
692 933 766 1014 pius
781 953 849 994 esse
863 936 999 996 recusat.

273 1017 448 1081 Pontifices
462 1015 606 1080 Helenus
621 1014 751 1080 Laocon
766 1019 890 1080 sacrata
904 1019 1047 1099 potestas

273 1101 397 1167 Cedent
411 1101 518 1164 oranti
555 1100 608 1163 uia
623 1101 775 1182 mysticus
790 1102 879 1164 extat
892 1105 1056 1183 uterque'.

271 1186 359 1250 Dum
376 1185 462 1248 canit
476 1121 591 1249 infdix
606 1184 744 1269 gemitus
756 1182 940 1249 Cassandra
953 1184 1081 1249 futuros
1088 1236 1098 1268 ‚

305 1271 372 1334 isus
387 1269 477 1334 adest
491 1269 614 1333 eunctis
625 1267 712 1352 Phry
740 1269 808 1332 'bus
819 1268 1039 1351 Thymbraeus
1052 1271 1178 1354 Apollo

210 1368 259 1417 185
271 1354 333 1431 Qui
349 1352 494 1419 mercede
509 1375 621 1418 carens
636 1374 716 1418 cone
730 1353 795 1418 usit
808 1352 966 1437 Pergama
979 1375 1072 1419 muro

272 1440 317 1504 Et
331 1460 433 1524 genus
448 1439 609 1523 ingratum
627 1459 748 1520 poenas
763 1436 928 1520 persoluat
942 1437 1032 1500 auari

271 1524 424 1606 Exoptat.
455 1525 606 1605 stupuere
621 1521 781 1606 Phryges,
802 1526 887 1586 tacet
907 1521 978 1604 ipsa
993 1522 1163 1587 sacerdos:

271 1607 412 1672 Effatur:
436 1613 446 1644 ‘
478 1605 534 1668 uid
549 1607 642 1690 uirgo
659 1605 769 1670 canit?
789 1627 845 1670 cur
859 1605 988 1669 inuidus
1003 1607 1105 1671 alter'

271 1690 440 1755 Exclamat
456 1627 618 1755 gHelenus
632 1690 771 1754 deterret
784 1689 942 1774 Pergama
957 1690 1091 1754 uerbis?

210 1789 259 1836 reo
277 1775 401 1839 Pellere
416 1777 579 1857 pastorem
593 1775 707 1858 patriis
722 1775 760 1838 de
776 1774 903 1838 sedibus
918 1795 1072 1858 umquam

272 1859 352 1924 Fata
360 1862 473 1923 uetant
483 1881 564 1943 quae
573 1881 626 1923 ma
672 1862 823 1942 aparant.
840 1858 1181 1942 stantiussadeorum‚

272 1944 517 2028 Magnanimum
526 1945 626 2008 Aeaci
649 1965 699 2007 em
711 1943 798 2008 solus
808 1946 992 2026 prosternet
1000 1944 1180 2009 Achillem.

272 2029 429 2093 Troianos
444 2049 579 2113 regnare
594 2029 701 2112 placet
715 2049 778 2110 qua
793 2027 869 2092 solis
884 2028 1007 2092 abenae

273 2113 456 2178 Ostendunt
471 2112 656 2197 tolluntque
672 2112 770 2194 diem,
789 2134 853 2196 qua
866 2113 1006 2176 uertitur
1020 2112 1092 2178 axis

211 2211 259 2259 195
273 2199 423 2284 Frigidus
438 2203 472 2263 et
485 2221 568 2264 nona
582 2200 765 2263 flammatur
779 2197 846 2261 sole
863 2217 1005 2262 corusco.

272 2283 420 2348 Troianis
436 2283 565 2348 dabitur
579 2287 667 2347 totus
680 2281 841 2364 possessio
857 2280 995 2346 mundus

272 2451 492 2515 Fatamanent
499 2451 681 2532 conscripta
691 2449 799 2514 semel.
815 2449 1183 2534 suntuerbaTonantis‚

123 2549 199 2601 [11451
271 2534 447 2616 Imperium
463 2535 532 2598 eine
547 2535 612 2597 fine
627 2533 724 2602 dabit.
755 2534 902 2599 cohibete
918 2534 1071 2598 furorem.

210 2629 261 2679 200
274 2617 407 2682 Mortali
421 2616 531 2681 diuum
546 2618 649 2701 periet
663 2641 728 2702 quo
743 2618 848 2683 iudice
863 2617 980 2682 iudex?

273 2700 342 2766 Nee
357 2702 419 2766 hoe
434 2702 502 2767 fata
516 2703 638 2770 sinunt.
667 2703 772 2787 pudor
787 2708 835 2768 est
849 2703 990 2767 uoluisse
1005 2722 1130 2766 nocere

272 2784 317 2850 Et
331 2808 399 2851 non
413 2807 507 2870 posse
521 2791 631 2851 tamen
646 2789 765 2873 pigeat.
794 2788 858 2852 iam
873 2809 969 2853 nemo
983 2785 1154 2872 minetur,

272 2368 430 2453 Tempore
445 2389 505 2432 nec
519 2388 620 2449 paruo
636 2366 756 2431 Troum
770 2365 922 2449 regnabit
936 2365 1039 2450 origo.

278 3007 326 3055 174
349 3008 425 3058 solue
443 3024 513 3059 corr.
531 3009 582 3058 IM
660 3011 715 3063 ‚175
736 3009 807 3059 solet
830 3009 882 3059 hoc
900 3009 935 3058 ed
953 3009 1054 3058 sumite
1076 3013 1130 3062 sed
1152 3013 1187 3061 ad

208 3075 276 3126 linea
298 3074 407 3124 obducta
430 3077 515 3126 deletu
537 3079 648 3128 uidetur.
689 3091 740 3126 uos
762 3077 815 3126 hoc
837 3076 856 3125 Ι
862 3077 894 3126 Μ
962 3078 1010 3126 178
1034 3078 1189 3140 profamns

208 3158 277 3194 corr.
299 3141 348 3190 IM
422 3145 470 3193 180
493 3148 637 3194 recncasat
658 3145 744 3194 sensui
763 3160 854 3208 paream
876 3150 961 3208 aptum
982 3145 1095 3194 uidetur
1119 3151 1190 3214 quod

207 3212 375 3261 certauerunt
392 3211 442 3260 IM
458 3215 569 3260 recusat
632 3210 680 3261 182
700 3211 759 3260 Oed
779 3215 807 3260 et
823 3228 893 3262 corr.
915 3211 961 3260 IM
973 3208 1045 3274 lauel
1064 3219 1188 3278 amysti-

208 3293 258 3328 cus
293 3277 360 3342 quia
377 3281 513 3342 proposuit
524 3277 621 3327 Buect.
641 3277 685 3328 uel
704 3279 837 3341 mysticus
856 3282 933 3328 extet
951 3281 968 3329 1
973 3277 1006 3327 Μ
1064 3282 1124 3332 183
1150 3286 1189 3332 in·

209 3344 297 3395 foelix
319 3347 430 3408 genitus
453 3361 522 3395 corr.
541 3343 592 3392 ΙΜ
660 3345 710 3394 184
726 3345 880 3409 Tymbrene
951 3347 1000 3395 187
1023 3346 1092 3411 ipse
1117 3366 1188 3404 corr.

209 3411 227 3460 Ι
232 3411 264 3460 Μ
324 3411 372 3462 188
390 3412 512 3463 Effrenis
529 3410 627 3460 Bueer.
646 3426 677 3459 m.
695 3411 734 3460 rh.
797 3413 845 3460 192
865 3412 990 3463 escidem
1005 3410 1009 3476 Ι
1026 3423 1189 3477 prosterni·¹

209 3493 277 3528 corr.
297 3477 395 3533 Bacch.
465 3480 513 3528 187
531 3476 650 3542 regnati

574 3765 739 3832 Α,
1207 3645 1222 3832 1
