2474 3886
149 211 168 274 6
569 207 689 260 urnis

154 361 262 426 115111
274 381 355 444 puer
369 363 418 426 est
432 359 530 442 uisus,
545 357 655 422 faoiles
672 357 770 428 risere
784 355 911 441 puellae

80 498 85 510 .
118 471 140 518 s]
216 445 261 508 Et
275 444 399 508 lautum
413 443 540 508 uenisse
554 445 679 525 putant.
710 441 817 525 placet
831 441 981 506 omnibus
998 441 1104 508 idem:

214 528 280 593 Uix
294 550 409 592 urnam
424 527 573 592 submisit
587 527 679 609 aquis
695 525 902 609 dextramque
917 525 1072 592 tetendit:

213 612 376 698 Cumque
398 634 431 676 se
445 610 616 694 Nymphae
631 610 751 693 pariter
769 631 907 674 mersere
928 611 987 675 sub
1002 611 1123 678 undas·

214 697 358 781 Expauit
371 696 416 760 sio
431 699 542 778 raptus
557 694 637 758 Ylas
652 693 851 778 pauidusque
865 696 996 778 petebat

154 794 203 843 130
214 781 358 846 Herbida
372 801 436 863 quo
451 780 591 844 uitreum
605 779 701 843 tellus
715 779 901 862 perfuderat
915 783 1055 845 antrum.

215 865 361 948 Deiopea
375 869 484 928 tamen
499 866 631 928 eurotas
646 863 776 928 hortata
790 885 916 928 sorores

213 949 410 1032 Adloquitur
424 970 575 1031 puerum:
600 952 684 1011 ‘non
698 951 730 1012 te
746 947 837 1030 decet
852 969 909 1012 ora
922 948 1029 1034 rigare

214 1033 376 1115 Fletibus,
392 1034 475 1097 alme
490 1054 584 1116 puer,
599 1032 706 1115 ploret
721 1031 873 1096 deformis
888 1033 1011 1118 imago,

214 1115 292 1182 Non
307 1121 356 1180 est
370 1117 446 1181 fiere
461 1119 570 1198 tuum,
585 1115 739 1182 mundum
755 1117 815 1180 tibi
829 1117 939 1180 nullus
954 1117 1086 1181 ademit.

133 1277 137 1286 ¹
152 1211 201 1262 135
215 1200 285 1266 Nos
299 1223 388 1283 rosa,
403 1223 463 1265 nos
478 1201 599 1283 uiolae,
620 1221 680 1264 nos
694 1200 764 1264 lilia
800 1200 913 1266 ulohra
927 1204 1105 1285 coronant,

213 1285 283 1350 Nos
298 1285 501 1368 Hyacinthus
516 1288 617 1368 amat,
638 1288 748 1349 noster
761 1223 931 1349 llaroissus
948 1286 987 1349 ab
1003 1285 1122 1350 undis:

213 1369 404 1456 Fontigenis
420 1369 475 1435 dat
489 1373 574 1434 serta
587 1369 686 1434 comis
700 1369 892 1452 redimitque
908 1369 1041 1453 capillos

216 1453 378 1539 Quidquid
393 1455 481 1519 floris
497 1455 563 1518 olet
577 1453 732 1536 quidquid
747 1454 827 1517 dant
840 1458 933 1537 prata
947 1455 1085 1519 ruboris,

214 1538 264 1601 Tu
278 1539 468 1602 rosteriam
484 1559 620 1620 sponsus
635 1537 698 1600 eris
713 1538 782 1601 sine
796 1539 861 1601 fine
876 1537 1028 1604 dierum.²

152 1631 201 1680 140
214 1621 275 1686 His
291 1622 384 1686 dictis
400 1624 541 1685 mentem
555 1622 648 1704 pueri
661 1622 823 1686 mulcebat
837 1623 948 1687 amica.

212 1705 341 1770 Interea
355 1704 549 1770 furibundus
565 1706 670 1770 adhue
684 1705 872 1790 Tirynthius
887 1707 956 1770 ibat

212 1789 257 1852 Et
275 1789 415 1853 olamans
431 1790 605 1872 quaerebat
618 1789 721 1873 Ylan,
738 1791 789 1855 eui
804 1790 895 1854 littus
910 1793 942 1854 et
955 1788 1043 1854 unda

213 1873 373 1938 Herculea
388 1895 462 1938 eum
479 1895 559 1937 uoce
574 1877 705 1956 sonant,
722 1879 755 1938 et
771 1896 890 1939 nomen
905 1875 1004 1939 amati

213 1955 343 2022 Montes
359 1958 442 2021 silua
455 1961 588 2040 uocant,
609 1962 736 2022 tantum
750 1959 825 2022 fons
842 1959 897 2022 ille
912 1958 1040 2022 tacebat

151 2041 253 2105 145111
268 2064 332 2125 quo
348 2045 460 2126 raptus
474 2041 570 2106 Ylas:
593 2063 665 2106 oum
679 2043 744 2106 iarn
759 2046 917 2108 remearet
932 2043 971 2108 sd
986 2047 1082 2108 ostra

212 2125 292 2190 Post
306 2126 427 2191 fastum
448 2127 602 2210 pinnatus
616 2127 719 2191 Amor
739 2128 897 2210 matrique
912 2126 1126 2208 triumphum

213 2209 410 2294 Adportaret
425 2233 540 2294 ouans,
557 2233 669 2276 uocem
685 2212 761 2275 deus
776 2211 924 2276 Herculis
938 2211 1047 2275 hausit

212 2293 257 2359 Et
270 2297 410 2392 gemitus
426 2298 608 2378 quaerentis
623 2295 719 2359 Ylan.
751 2297 803 2358 oui
818 2301 907 2379 gesta
922 2296 1056 2376 fatetur,

211 2379 336 2444 Alordis
352 2381 502 2444 comitem
516 2379 618 2454 fontis
633 2379 776 2462 rapuisse
791 2380 929 2462 51151155,

152 2471 200 2520 150
212 2462 347 2545 Ignibus
362 2463 474 2526 Idaliis
490 2467 600 2526 exutas
615 2462 789 2526 Herculeas
804 2485 885 2546 spes.

215 2544 367 2631 Obriguit
381 2546 566 2632 gemuitque
582 2547 677 2610 simul
692 2547 882 2631 elauamque
896 2548 1034 2612 remisit:

215 2627 259 2692 ‘O
275 2630 395 2694 frustra
409 2631 531 2694 nutrite
545 2651 640 2715 puer,
660 2635 820 2716 spectator
834 2633 953 2715 ubique

212 2711 351 2778 Uirtutis
366 2736 423 2798 per
438 2718 554 2779 ouneta
568 2737 667 2780 meae.
703 2721 734 2780 te
749 2719 831 2780 teste
845 2717 966 2800 periola

212 2794 314 2881 Saepe
329 2799 391 2863 tuli
407 2821 481 2863 oum
495 2799 599 2863 uietus
614 2821 705 2883 aper,
722 2823 795 2866 oum
809 2800 913 2866 fracta
926 2799 1030 2865 leonis

62 2893 137 2943 [1111
152 2878 307 2946 assona
322 2881 474 2948 Cleonaei
488 2884 554 2948 telo
569 2888 720 2967 parcente
735 2894 907 2968 necantur,

215 3085 263 3136 126
281 3087 320 3136 nt
337 3087 442 3138 lentum
455 3092 617 3151 corruptelae
634 3092 729 3154 signum
747 3091 912 3140 interiectum.
932 3105 1002 3140 corr.
1015 3087 1121 3141 Buect.

147 3153 174 3202 r‘n
190 3155 304 3218 murpine
322 3157 412 3206 literae
430 3157 620 3220 conspiciantur
638 3156 678 3220 Cy
731 3159 780 3207 129
797 3154 926 3222 pauidus]
945 3157 1025 3206 littus
1043 3162 1124 3208 coni-

148 3221 201 3268 cias
224 3223 275 3272 nisi
296 3238 386 3273 uersus
408 3240 471 3273 unus
496 3227 616 3286 pluresue
637 3226 823 3274 interciderunt
903 3225 951 3274 136
977 3224 1124 3288 Iaeyntus

148 3287 197 3337 137
215 3288 371 3354 redigitque
425 3294 474 3342 138
491 3291 565 3341 floris
584 3291 654 3342 solet
669 3296 834 3356 corruptelae
851 3297 913 3343 nota
930 3293 1019 3342 uersus·
1032 3307 1125 3356 prac-

146 3355 230 3403 mr'ssu.
266 3358 374 3408 ruboris
390 3359 519 3422 suppleuit
536 3358 632 3412 Bucct.
695 3360 743 3408 141
762 3359 903 3422 Tyriutius
960 3360 1009 3408 145
1026 3365 1128 3411 ucrm'

143 3422 268 3484 praefixa
285 3430 325 3474 ert
342 3430 506 3490 corruptelae
524 3432 586 3477 notu
646 3425 795 3490 1solda1ij
815 3430 928 3476 roxutas
989 3427 1037 3476 151
1056 3425 1125 3477 ela-

146 3497 264 3551 uumqne
335 3495 385 3544 154
406 3493 478 3558 Seps
548 3495 597 3543 155
616 3492 722 3543 oleonei

713 3791 880 3856 Α
