2468 3888
140 187 185 252 40
524 189 723 246 ANNIANVS.

141 377 216 456 epm
236 357 346 441 aperte
368 353 438 420 solo
461 353 503 418 sit
523 375 600 452 usus
615 352 729 452 Mauro
750 353 814 452 hoc
835 353 933 452 etiam
947 353 1115 420 Faliscum

140 441 402 592 dilatetis
417 437 1115 608 tlssltstltlfflultttlt

141 611 219 678 dicit
239 610 400 677 Faliscum
422 610 607 675 vocitatum.

207 695 296 774 Quae
317 696 345 760 si
366 698 452 760 recte
474 693 636 778 disputata
657 714 725 758 csse
747 691 951 778 videbuntur,
974 715 994 758 a
1014 699 1112 778 paret
1229 675 1230 728 s

141 782 238 847 simul
264 780 496 866 quadamtenus
524 779 657 863 inverti,
706 799 766 843 uae
793 777 953 843 Henricus
1013 779 1113 844 eilius

140 869 176 931 in
198 866 440 950 quaestionibus
461 863 677 950 gusmmaticis
720 863 852 949 rlangae
871 885 900 928 a.
919 863 1113 928 leocadius

142 952 180 1016 de
212 955 316 1017 aetate
347 950 446 1015 Iubae
477 948 603 1014 metrici
634 947 792 1013 disseruit.
835 946 922 1013 Nam
954 969 1028 1013 cum
1055 948 1113 1013 hic

142 1035 288 1134 exemplo
317 1034 358 1100 ab
385 1035 457 1118 ipso
478 1038 516 1099 ut
536 1033 664 1099 videtur
685 1033 823 1099 conficto
846 1033 961 1118 ‘sique
980 1033 1114 1119 flagella
1230 1047 1231 1054 ’

140 1121 266 1207 iugabrs
294 1122 369 1184 ante
395 1123 509 1203 putare
537 1118 643 1184 dccet'
674 1122 786 1203 aperte
816 1116 934 1202 prodat
959 1118 1114 1202 peritiam

140 1226 251 1270 versus
278 1203 334 1290 qui
361 1209 410 1270 est
437 1204 547 1289 ‘siqua
573 1203 702 1290 flagella
727 1203 819 1288 iugas
840 1202 888 1266 ita
908 1202 1012 1288 iuga',
1034 1202 1114 1268 Kei-

140 1290 203 1355 lius
224 1310 278 1376 pg.
297 1289 337 1354 19
358 1311 432 1355 eum
447 1288 566 1356 Sereno
588 1289 799 1372 posteriorem
821 1307 890 1352 esse
911 1286 993 1353 dixit
1013 1292 1115 1374 atque

142 1375 222 1442 adeo
244 1374 363 1440 saeculi
384 1373 434 1439 ΙΠ
454 1374 514 1438 fini
535 1373 587 1438 vel
608 1373 704 1439 initio
727 1371 832 1458 quarti
854 1371 1113 1445 adscribendum.
1231 1347 1232 1378 ἢ

142 1459 204 1527 Sed
226 1461 313 1525 enim
335 1460 363 1524 si
384 1459 530 1524 Anniani
552 1461 600 1524 est
620 1461 760 1523 metrum
780 1456 875 1540 istud,
897 1457 982 1522 nihil
1003 1458 1116 1523 obstat

142 1545 226 1695 cc
239 1626 1103 1694 „n

141 1714 187 1780 nc
207 1714 310 1778 cneus
332 1713 408 1795 eru,
429 1712 465 1776 m·
485 1651 594 1796 lnior,
616 1749 659 1759 -
680 1716 718 1777 uc
739 1713 775 1777 n
795 1734 831 1777 re
851 1712 975 1778 neers
994 1678 1116 1776 -1111

141 1800 232 1881 barn,
261 1797 318 1882 qui
339 1795 510 1862 Victorino
538 1800 622 1862 teste
652 1795 814 1896 [pg.127]
844 1797 930 1862 inter
960 1797 1117 1865 metricos

142 1881 367 1948 auctoritatem
381 1881 504 1980 primae
520 1880 712 1948 eruditionrs
728 1882 878 1967 obtinuit,
894 1903 990 1968 quam
1004 1885 1118 1966 potest

139 1968 211 2033 fieri
232 1967 455 2053 antiquiss1mo
477 1966 615 2033 adscribi
636 1968 783 2052 tempori.

204 2053 317 2141 Longe
349 2051 527 2138 expeditior
558 2074 609 2118 res
641 2057 690 2118 est
719 2055 756 2117 in
787 2052 888 2118 altero
921 2051 1114 2117 Terentiam

140 2139 343 2223 testimonio,
366 2136 453 2224 quod
472 2137 612 2203 habetur
632 2138 688 2202 ubi
716 2138 910 2221 paroemiaci
932 2136 1024 2201 effert
1045 2159 1117 2202 me-

139 2224 185 2289 tri
207 2224 361 2309 exempla.
404 2222 456 2288 Ibi
476 2222 556 2289 haec
576 2223 731 2308 leguntur
750 2243 802 2287 vv.
829 2222 910 2288 1816
931 2243 1017 2306 sqq.:

346 2312 442 2392 atquc
464 2307 519 2373 ille
541 2311 638 2392 poeta
659 2306 802 2372 Faliscus

346 2415 419 2458 cum
439 2392 564 2457 ludicre
584 2392 727 2457 carmina
747 2392 863 2477 pangit

346 2487 427 2540 ‘uva
448 2497 514 2540 una
535 2479 585 2542 set
605 2498 669 2541 uva
688 2476 841 2561 Falerna,

345 2565 378 2626 et
397 2565 448 2624 ter
468 2561 556 2626 feror
578 2564 611 2624 et
631 2565 745 2646 quater
765 2566 880 2626 anno'.

343 2645 427 2710 libro
449 2666 578 2728 quoque
600 2644 682 2710 dixit
703 2645 815 2712 eodem

344 2729 462 2814 ‘unde‚
484 2729 569 2795 unde
592 2730 749 2796 colonus?
770 2731 834 2797 Floi

345 2837 365 2879 a
385 2815 518 2880 flumine
540 2817 631 2882 venit
653 2814 794 2881 Oronti’

144 2899 271 2984 Nempe
298 2900 378 2964 haec
404 2901 494 2999 salva
514 2900 691 3000 Latinitate
712 2902 826 2966 referri
846 2922 939 3001 posse
961 2901 1002 2966 ad
1024 2900 1118 3002 Sere:

141 2983 640 3167 rueretrueret
660 2985 1117 3155 ianm

143 3155 216 3221 ideo
244 3158 330 3222 recte
352 3153 476 3219 ducetur
497 3159 595 3238 poeta
615 3153 782 3220 Fehscus?
815 3154 892 3231 Quis
913 3155 1053 3240 hercule,
1076 3161 1118 3222 ut

142 3239 206 3305 hoc
221 3239 367 3325 exemplo
382 3241 464 3323 utar,
487 3260 561 3304 eum
575 3239 632 3323 qui
645 3237 799 3321 Λοκρικὰ
816 3237 946 3323 deputo
967 3240 1118 3306 imitetur

142 3329 333 3408 argumento
355 3328 451 3421 atque
466 3323 546 3419 adeo
566 3322 776 3418 inscriptione
790 3307 862 3390 ideo
877 3324 1016 3390 Locrum
1031 3347 1117 3474 poe

140 3411 208 3470 tam
230 3406 434 3473 nominabrt?
467 3404 742 3481 QmsHorat1um
763 3408 914 3472 Aeolium
936 3430 977 3492 ap
1001 3409 1118 3476 elavit

140 3492 257 3571 vatem,
279 3491 356 3573 quia
376 3489 555 3575 prinoipem
577 3507 611 3550 se
625 3488 777 3553 Aeolium
798 3511 926 3556 carmen
1007 3493 1113 3561 Italos

472 3785 789 3856 ΑΛ
