2474 3886
426 217 607 268 11125-163
633 216 676 267 111
696 184 777 266 12-18
1068 217 1087 280 γ

185 365 268 432 (ium
283 366 379 430 simul
393 366 555 429 Antaeum
571 366 664 448 rapui
678 365 803 430 telluris
818 367 994 431 alumnum.

186 449 266 526 Quis
280 450 362 514 mihi
376 449 526 514 sudorem
541 449 625 514 lasso
639 453 714 532 post
728 450 852 533 proelia
865 451 994 536 terget?

173 533 265 609 'Quis
280 555 387 598 comes
402 533 482 597 alter
502 533 563 597 erit
577 554 650 597 cum
671 533 726 597 dat
739 533 808 597 tera
821 535 907 598 bella
921 536 1087 599 nouerca?

187 617 272 693 Quid
287 619 383 682 matri
398 619 537 682 narrabo
552 620 627 682 tuae
642 638 723 700 quae
739 620 771 681 te
786 617 867 682 mihi
881 641 1018 702 paruum

123 715 173 764 160
187 702 362 786 Deposuit,
378 702 508 784 pietatis
522 703 616 784 inops
632 723 713 784 quae
727 703 866 786 pignora
879 702 1010 767 reddam

188 785 270 851 Cum
285 790 465 851 conuentus
480 785 556 850 ero?
579 785 683 848 dicam
699 789 810 850 tamen
824 787 893 869 ipse
907 789 1049 870 parenti:

189 870 324 935 ‘Exulta
333 920 342 953 ,
357 869 512 954 genitrix,
527 869 663 932 nimium
679 869 814 954 laetare,
830 873 924 935 beata

186 954 554 1038 Anteparenshominis,
562 953 690 1036 pulchri
698 955 1084 1020 modonuminisauctor.’

120 1225 182 1294 ΠΙ.
205 1225 284 1310 Exp.
298 1225 410 1291 fabula
424 1225 524 1290 Ylae:
534 1225 654 1308 Incipit
666 1226 824 1308 praefatio
840 1225 1086 1292 atrebatarum

208 1313 462 1399 grammaticum,
478 1314 742 1467 υὲιὲῗὲθῖιιιὲἕὲῧη
756 1312 917 1379 auditorio
932 1333 1001 1380 curn

188 1557 359 1636 Fructibus
375 1560 450 1640 apta
465 1555 593 1640 quidem
610 1556 733 1620 cunctis
749 1559 798 1619 est
811 1559 897 1620 terra
911 1557 1048 1620 creatrix

186 1642 295 1706 Altius
310 1641 481 1705 intendens
496 1640 551 1704 sed
566 1662 677 1704 causas
691 1640 836 1722 perspice
850 1643 961 1722 partus
1005 1655 1007 1659 ·

186 1727 231 1791 Et
245 1730 350 1791 totum
366 1745 524 1810 cognosce
539 1725 622 1806 poli:
645 1747 722 1788 nam
737 1746 809 1788 rore
823 1725 955 1788 maritat

186 1812 277 1874 Arua
291 1832 349 1874 suo
364 1811 418 1873 uel
433 1809 500 1873 sole
515 1809 605 1873 fouet
619 1809 673 1872 uel
686 1812 846 1891 temperat
860 1813 966 1872 aestus

154 1907 170 1956 5
185 1895 362 1960 Alternans
378 1894 535 1958 elementa
548 1897 679 1976 potens,
695 1897 732 1956 ut
746 1892 859 1956 reddat
873 1897 906 1956 et
920 1893 1049 1957 umbras

187 1979 354 2044 Montibus
368 1979 517 2043 arboreas
532 1982 565 2042 et
579 1978 702 2042 culmos
717 1981 820 2041 armet
834 1977 956 2060 aristiS,

187 2063 334 2128 Uentilet
349 2068 382 2127 et
396 2065 531 2127 matrem
546 2062 712 2147 grauidam
727 2059 942 2145 pendentibus
957 2063 1029 2124 uuis

186 2148 363 2230 Pampinus
379 2147 525 2211 exultans
541 2151 574 2210 et
586 2147 709 2230 palmes
724 2146 873 2209 uerberet
886 2167 966 2209 uuas

188 2231 426 2314 Gontortusque
440 2232 521 2295 fluat
533 2229 619 2294 nodo
635 2229 795 2292 uiridante
812 2231 981 2310 corymbus

136 2331 171 2379 10
184 2317 230 2382 Et
243 2337 410 2400 nunquam
425 2316 571 2398 positura
585 2335 693 2378 comas
707 2313 854 2376 flectatur
869 2311 965 2376 oliua.

186 2403 234 2466 At
247 2402 275 2466 si
289 2401 461 2485 temperies
476 2421 583 2464 rerum
599 2401 782 2482 opportuna
796 2401 949 2481 negetur,

187 2485 366 2551 Infecunda
379 2484 489 2550 forent
503 2481 696 2566 squallentia
710 2482 834 2546 uiscera
848 2486 952 2546 terrae

188 2570 233 2634 Et
247 2570 343 2636 limos
359 2569 489 2634 obducit
504 2588 581 2652 ager
596 2567 747 2650 deceptus
763 2567 919 2630 inhaeret.

188 2653 348 2738 Discipuli
363 2654 408 2718 sic
428 2653 546 2736 quippe
562 2652 660 2716 silent
674 2651 702 2716 si
716 2651 801 2715 forte
816 2650 969 2734 magister

138 2751 171 2799 15
187 2737 348 2821 Tollatur,
364 2736 511 2802 doctrina
525 2739 640 2882 potens
656 2757 720 2818 qua
734 2733 891 2818 praeduce
906 2733 1022 2796 ductor

188 2823 397 2905 Antistesque
412 2825 497 2884 tuus.
549 2841 566 2882 e
581 2823 689 2884 uestro
704 2819 812 2900 fonte,
828 2820 994 2901 magister,

188 2906 379 2970 Romuleam
394 2905 496 2968 laetus
511 2926 603 2968 sumo
618 2925 678 2986 pro
693 2903 825 2967 flumine
840 2901 985 2986 linguam

187 2989 232 3052 Et
245 2989 370 3073 pallens
384 2987 482 3052 reddo
498 3009 557 3071 pro
572 2988 720 3070 frugibus
735 2987 803 3068 ipse
817 3007 949 3069 poema:

193 3161 240 3210 156
260 3164 372 3209 anteum
429 3159 565 3209 lorentis
584 3158 763 3208 corr.Bueolt.
819 3161 950 3223 2partas
1008 3159 1088 3207 300-

117 3242 205 3278 noscc
266 3229 283 3276 4
301 3235 427 3290 tempera
445 3227 560 3275 haustus
578 3225 613 3284 rs.
627 3227 706 3276 Drac.
723 3229 754 3275 de
773 3227 820 3276 deo
836 3226 914 3275 1590
975 3223 990 3270 6
1009 3223 1089 3272 arbo·

117 3296 178 3346 reis
196 3295 377 3346 cornBuecd.
449 3295 478 3341 11
498 3297 634 3356 oportuna
704 3297 735 3344 13
753 3292 843 3342 limus.
873 3299 950 3342 antea
966 3293 1090 3354 temptaui

116 3360 197 3412 limis
220 3361 357 3411 obductus
372 3359 377 3422 1
392 3357 512 3426 inheret]
536 3361 640 3408 inertes
658 3358 755 3411 Baecb.
773 3361 915 3422 proposuit.
950 3359 1013 3408 latet
1031 3358 1090 3421 for-

116 3437 192 3480 tasse
207 3430 352 3544 lipperfecti
364 3429 450 3491 forma
519 3429 550 3478 15
569 3427 657 3478 dictor
737 3429 768 3477 17
791 3425 951 3476 Romuleum
965 3421 970 3492 Ι
985 3439 1088 3475 summo

116 3511 192 3548 corr.
238 3497 308 3546 need.
