2468 3888
168 195 190 261 8
545 201 755 256 NAMATIANI

231 365 307 430 Non
329 365 395 431 illio
417 369 514 450 gustu
535 366 644 430 latices
666 365 821 431 vitiantur
843 387 966 448 amaro,

273 451 460 535 Lymphave
482 451 624 515 fumifico
648 450 800 534 sulphure
821 451 924 514 tincta
945 451 1042 515 calet:

232 535 336 600 Purus
359 536 439 600 odor
459 535 630 620 mollisque
652 557 748 619 sapor
769 535 914 599 dubitare
936 535 1105 599 lavantem

274 620 385 705 Cogit,
408 642 471 704 qua
492 621 606 684 melius
627 624 718 703 parte
736 622 887 704 petantur
908 641 1018 702 aquae.

167 721 218 770 255
233 705 368 773 Credere
390 706 418 769 si
439 705 573 790 dignum
595 705 715 789 famae,
737 704 908 790 flagrantia
928 708 1039 769 taums

273 791 471 876 Investigato
494 789 586 855 fonte
607 790 735 854 lavacra
756 789 856 873 dedit,

231 876 278 941 Vt
299 876 381 941 solet
403 874 545 939 excussis
566 895 710 960 pugnam
731 872 916 958 praeludere
937 873 1057 959 glebis,

274 959 390 1044 Stipite
412 980 486 1023 cum
507 958 612 1044 rigido
634 980 755 1024 cornua
776 981 880 1043 prona
901 959 991 1023 terit:

231 1046 306 1112 Sive
328 1045 420 1127 deus,
442 1044 558 1108 faciem
579 1045 732 1108 mentitus
754 1047 787 1108 et
807 1057 865 1109 ora
886 1044 1029 1121 iuvenci,

167 1146 218 1194 200
274 1129 391 1195 Noluit
411 1128 552 1193 ardentis
574 1129 659 1194 dona
679 1129 779 1193 latere
801 1129 879 1212 soli3

232 1214 341 1291 Qualis
363 1214 526 1299 Agenorei
551 1217 700 1298 rapturus
722 1212 839 1311 gaudia
860 1213 939 1278 furti

272 1299 336 1364 Per
356 1299 440 1363 freta
460 1298 643 1384 virgineum
665 1298 851 1362 sollicitavit
872 1320 963 1363 onus.

230 1385 342 1450 Ardua
362 1406 429 1449 non
451 1383 537 1449 solos
560 1384 692 1448 deceant
712 1383 868 1448 miracula
889 1383 1012 1447 Graios.

272 1472 448 1534 Auctorem
469 1467 623 1553 pecudem
644 1469 719 1532 fons
741 1467 906 1533 Heliconis
927 1466 1044 1532 habet:

166 1568 217 1619 202
230 1554 364 1621 alicius
386 1553 483 1617 simili
505 1553 669 1617 credamus
692 1553 817 1638 origine
838 1551 1000 1636 lymphae,

272 1639 436 1702 Musarum
458 1641 496 1702 ut
517 1638 627 1702 latices
648 1639 771 1722 ungula
791 1637 875 1702 fodit
894 1637 978 1720 equi.

221 1724 319 1790 Haec
340 1743 467 1807 quoque
489 1721 604 1786 Pieriis
626 1722 784 1806 spiracula
806 1725 970 1805 comparat
990 1722 1097 1786 antris

273 1806 422 1872 Carmine
443 1805 613 1871 Messallae
633 1807 823 1871 nobilitatus
845 1827 937 1892 ager3

229 1893 473 1974 Intrantemque
495 1892 582 1974 capit
607 1891 884 1975 discedentemque
905 1895 1049 1957 moratur

167 1991 218 2041 270
275 1976 426 2042 Postibus
448 1975 588 2040 adfixum
610 1977 701 2040 dulce
723 1998 839 2061 poema
859 1977 966 2041 sacris.

230 2062 293 2127 Hic
315 2066 378 2146 est,
402 2062 457 2145 qui
478 2062 583 2146 primo
605 2062 720 2126 seriem
743 2061 781 2126 dc
804 2060 943 2127 Consule
965 2061 1072 2143 ducit,

272 2147 383 2232 Vsque
405 2146 446 2211 ad
467 2146 650 2212 Publicolas
671 2147 699 2210 si
720 2145 886 2211 redeamus
907 2167 999 2210 avos:

231 2233 294 2298 Hic
316 2237 349 2297 et
370 2232 524 2316 praefecti
545 2235 628 2297 nutu
649 2231 811 2315 praetoria
831 2231 923 2295 rexit.

274 2316 336 2383 Sed
358 2319 459 2381 menti
482 2320 515 2380 et
536 2316 666 2401 linguae
689 2316 793 2400 gloria
814 2316 918 2380 maior
939 2316 1032 2379 inest.

167 2416 217 2465 215
231 2402 294 2466 Η12
316 2402 439 2485 docuit,
462 2401 590 2484 qualem
611 2405 713 2484 ponat
733 2399 885 2466 facundia
905 2401 1018 2486 legem.

272 2486 319 2551 Vt
340 2487 445 2551 bonus
468 2506 537 2548 esse
559 2485 639 2550 velit
659 2485 810 2570 quisque,
833 2485 970 2549 disertus
991 2483 1067 2548 erit.

229 2569 368 2636 Roscida
389 2569 527 2653 puniceo
548 2569 666 2634 fulsere
692 2571 879 2654 crepuscula
900 2570 1003 2635 caelo:
1221 2569 1222 2606 l

271 2653 446 2719 Pandimus
468 2652 599 2738 obliquo
622 2655 722 2720 lintea
743 2656 826 2720 flexa
846 2656 928 2719 sinu.

228 2739 396 2823 Paulisper
416 2738 494 2804 litus
515 2738 658 2824 fugimus
680 2741 836 2806 Munione
857 2740 1028 2804 vadorum:

165 2838 216 2889 280
273 2822 334 2888 Sus
357 2827 428 2889 ecto
449 2824 612 2909 trepidant
634 2826 716 2890 ostia
737 2847 837 2910 parva
857 2825 935 2890 salo.
1105 2843 1106 2846 ’

227 2907 307 2973 Inde
329 2845 553 2974 Creviscarum
574 2911 705 2995 fastigia
725 2933 798 2974 rara
818 2910 978 2992 videmus,

271 2991 357 3068 Quas
378 2995 496 3076 premit
517 2995 655 3059 aestivae
678 3017 772 3079 saepe
793 2995 919 3081 paludis
942 2993 1038 3058 odor:
1220 3057 1221 3060 ,

229 3077 293 3144 Sed
314 3097 484 3143 nemorosa
506 3079 589 3144 viret
610 3079 716 3143 densis
738 3080 857 3144 vicinia
879 3079 975 3162 lucis,

270 3163 434 3246 Pinesque
457 3164 607 3228 extremis
628 3164 762 3228 fluctuat
782 3166 897 3229 umbra
916 3162 1021 3228 fretis.

167 3260 219 3310 280
235 3247 404 3314 Cernimus
425 3248 574 3331 antiquas
595 3248 686 3312 nullo
708 3249 839 3313 custode
860 3249 970 3313 ruinas

270 3331 315 3396 Et
336 3331 496 3396 desolatae
516 3332 645 3395 moenia
665 3330 761 3396 foeda
783 3330 893 3397 Cosae.

226 3413 408 3480 Ridiculam
430 3413 528 3479 cladis
549 3415 649 3508 pudet
669 3416 755 3479 inter
776 3417 858 3480 seria
880 3437 1009 3480 causam

271 3495 440 3563 Promere:
463 3495 518 3560 sed
539 3517 639 3560 nsum
661 3498 861 3564 dissimulare
882 3501 982 3584 piget.

331 3778 647 3852 Λ.Δ
