2468 3888
146 171 189 235 42
529 175 727 232 numanus.
835 161 836 171 '

145 339 234 423 prius
260 338 448 404 fruticibus'
477 343 585 423 aperte
613 341 721 425 tangit
741 338 822 404 illud
845 347 938 404 ‘nam
958 340 1024 405 nisi
1045 341 1116 406 sint

143 423 274 509 paribus
294 423 484 489 fruticibus’
506 424 607 508 ipsius
629 425 774 490 Anniani
794 424 914 490 librum
935 447 977 490 an
991 425 1113 491 Teren·

144 509 227 576 tiani
247 509 436 574 memoriam
456 509 641 594 respexerit.

381 763 407 828 Ι.
452 761 654 830 OARMlNA
676 761 868 830 FALISOA.

146 943 174 998 1.
410 955 474 996 uva
495 953 573 1015 una,
596 936 646 997 set
666 954 730 996 uva
750 931 902 1016 Falerna,

410 1021 443 1082 et
463 1020 514 1081 ter
534 1016 621 1082 feror
643 1021 676 1082 et
697 1020 811 1102 quater
832 1039 928 1082 anno.

207 1102 420 1167 Terentianus
452 1102 509 1167 ubi
541 1105 679 1168 metrum
715 1106 844 1168 enarrat
874 1102 1114 1187 paroemiaoum

144 1209 195 1252 vv.
214 1187 295 1284 1216
310 1209 396 1271 sqq:
418 1191 515 1271 atque
537 1186 591 1252 ille
612 1191 709 1271 poeta
729 1187 873 1252 Faliscus
895 1209 968 1252 cum
988 1185 1114 1251 ludicra

144 1293 286 1338 carmina
312 1271 435 1357 pangit.
479 1271 529 1337 De
558 1273 742 1338 coniectura
770 1271 883 1356 scripsi
911 1279 995 1336 ‘una
1028 1275 1112 1354 set’;

143 1356 242 1444 vulgo
265 1357 333 1421 sine
356 1378 451 1422 sensu
473 1379 510 1422 ac
532 1357 701 1422 durissimo
729 1361 832 1421 metro
856 1365 936 1422 ‘uva
957 1379 1027 1422 sum
1050 1360 1112 1421 et'.

143 1441 173 1506 2.
409 1441 509 1526 unde,
532 1441 617 1507 unde
638 1441 795 1507 colonus?
816 1441 880 1506 Eoi

411 1549 430 1591 a
451 1527 584 1592 flumine
605 1527 695 1592 venit
717 1525 842 1592 Oronti.

207 1609 420 1675 Terentianus
447 1610 579 1676 Maurus
606 1635 636 1677 v.
661 1611 744 1676 1820
769 1612 852 1676 libro
880 1632 1008 1696 quoque
1030 1611 1115 1676 dixit

144 1693 257 1760 ecdem
279 1694 390 1778 (poeta
411 1693 569 1782 Faliscus)
590 1719 618 1760 e.
642 1718 672 1779 q.
696 1717 719 1760 s.
744 1695 846 1760 ‘unde
867 1696 981 1761 unde'.
1024 1694 1114 1760 Hinc

56 1799 71 1824 ·
143 1777 229 1843 Man
246 1777 331 1844 Vict.
353 1799 409 1864 pg.
434 1779 509 1843 180:
536 1779 611 1844 inde
640 1781 787 1866 intellegi
815 1780 908 1846 datur
935 1803 975 1846 ex
1001 1781 1114 1845 huius-

142 1862 231 1927 modi
252 1863 432 1946 anapaestis
454 1884 583 1931 carmen
597 1864 677 1930 illud
691 1863 861 1948 Faliscum,
884 1865 971 1950 quod
985 1869 1116 1932 constat

143 1969 183 2012 ex
212 1947 354 2032 spondeo
383 1948 508 2014 duobus
530 1950 710 2034 anapaestis
738 1955 771 2016 et
791 1951 915 2034 syllaba
936 1972 1004 2017 esse
1026 1971 1115 2015 com-

144 2033 287 2117 positum
308 2033 429 2098 ‘unde’
452 2056 479 2099 e.
503 2057 529 2100 c.
557 2074 600 2083 —
627 2034 758 2100 Omittit
783 2035 921 2100 alterum
947 2035 1031 2100 unde
1054 2034 1116 2101 Vi-

143 2118 262 2183 ctorini
297 2118 379 2184 liber
414 2118 589 2185 Parisinus.
639 2120 771 2186 Correxi
806 2119 1115 2204 interpunctionem.

144 2202 242 2268 ‘Eoi'
265 2202 360 2288 docti,
383 2204 506 2270 ‘ane'
526 2205 597 2270 Ter.
614 2209 647 2271 et
660 2204 740 2271 Mar.
759 2242 794 2254 -
813 2203 939 2288 Oronti,
955 2204 994 2269 cf.
1010 2203 1114 2302 Verg.

142 2288 224 2353 Aen.
247 2287 280 2372 I,
302 2288 375 2354 220.
418 2288 527 2374 Vulgo
555 2291 664 2374 inepte
686 2311 723 2354 ac
749 2290 888 2373 pessimo
910 2294 1012 2354 metro
1035 2311 1116 2354 sorr·

142 2372 230 2437 bitur
252 2372 389 2457 ‘undae‚
417 2372 501 2438 unde
530 2375 663 2440 colonus
684 2374 764 2439 Eoi’
787 2396 814 2440 e.
837 2397 863 2438 r.
890 2412 933 2424 -
961 2374 1115 2440 Ceterum

145 2456 226 2520 illud
248 2458 372 2522 ‘venit'
394 2461 503 2522 utrum
525 2481 545 2522 a
566 2459 724 2524 veniendo
751 2481 794 2524 an
822 2480 842 2523 a
867 2459 1036 2524 veneundo
1059 2458 1116 2523 de-

143 2539 274 2606 scendat
294 2542 461 2610 incertum.

145 2627 175 2691 3.
363 2623 491 2709 quando
514 2626 642 2712 flagella
662 2629 755 2713 iuges
761 2679 771 2712 ,
793 2629 840 2692 ita
860 2629 951 2714 iuga,

359 2709 435 2774 vitis
457 2714 490 2775 et
510 2711 616 2776 ulmus
636 2713 684 2777 uti
706 2713 801 2778 simul
822 2717 906 2778 eant.

359 2816 435 2860 nam
456 2795 521 2861 nisi
542 2796 608 2862 sint
627 2798 759 2882 paribus
780 2797 964 2881 fruticibus,

361 2881 476 2946 umbra
495 2886 590 2948 necat
610 2885 736 2948 teneras
757 2883 921 2948 Amineas.

208 2963 280 3028 Ter.
296 2961 427 3030 Maurus
449 2965 490 3030 ad
511 2966 692 3050 exemplum
712 2967 809 3032 metri
831 2966 917 3051 quod
939 2966 1115 3056 Calabrion

143 3070 211 3114 esse
232 3048 409 3114 vocitatum
431 3072 450 3114 a
472 3049 602 3116 Graecis
628 3055 739 3116 narrat
760 3050 948 3117 Victorinus
968 3071 1023 3138 pg.
1049 3053 1115 3119 178

142 3133 284 3218 (constat
310 3136 417 3198 autem
442 3135 549 3218 priore
576 3138 667 3220 parte
696 3135 873 3202 hexametri
895 3135 951 3222 qui
977 3137 1017 3202 fit
1043 3158 1115 3202 cae-

142 3240 217 3282 sura
244 3217 393 3284 instituta
425 3219 652 3304 semiquinaria
679 3224 712 3285 et
742 3243 866 3304 paeone
896 3225 1012 3306 quarto
1044 3223 1115 3288 sive

141 3302 440 3447 proceleusmatico)
461 3302 508 3366 ita
520 3305 627 3387 pergit
640 3326 692 3368 vv.
710 3304 792 3370 1995
808 3328 877 3391 sqq.
901 3305 1115 3391 ‘dactylicum

168 3403 205 3446 oe
226 3385 297 3448 fieri
318 3387 422 3472 magis
443 3388 544 3449 amat:
566 3387 618 3450 vel
639 3387 667 3450 si
687 3388 822 3470 ponitur
841 3412 925 3454 unus
939 3391 1022 3458 alius
1043 3413 1115 3476 pes,

142 3465 237 3531 modo
258 3469 373 3533 tertius
394 3469 481 3534 hune
502 3468 648 3532 retineat.
688 3469 767 3534 talia
781 3471 876 3539 docta
889 3473 1017 3542 Falisca
1030 3477 1116 3561 legi·

288 3805 577 3850 A*
