2468 3888
487 212 658 269 SERENVS.
1014 209 1058 274 49

220 375 271 438 cui
291 379 432 440 reserata
454 377 605 461 mugiunt
625 399 722 441 aurea
743 377 881 442 claustra
903 378 1030 463 mundi,

219 459 280 523 tibi
301 463 393 524 vetus
415 482 470 524 ara
491 462 590 527 caluit
611 462 810 548 Aborigineo
834 462 959 527 sacello

155 544 368 609 Terentianus
395 567 446 610 11.
477 547 558 612 1889
586 569 654 630 sqq.
689 551 858 631 postquem
889 547 1058 633 descripsit

89 629 344 694 choriambicum
366 629 462 714 illud,
490 653 554 715 quo
576 632 680 715 prima
701 654 759 696 usa
781 631 911 716 Sappho
939 633 1062 698 ‘desire'

89 737 157 779 νυν
180 711 282 796 ἅβραι
296 713 438 798 Χάριτες
460 719 661 800 καλλίκομοί
679 721 715 780 ce
730 721 887 801 Μοῖσαι’,
910 717 989 782 haec
1005 718 1057 782 ad-

88 799 150 864 dit:
179 800 236 882 qui
265 800 385 864 multos
412 801 533 886 legere,
562 805 685 888 negant
712 801 773 867 hoc
801 824 935 885 corpore
963 805 1057 867 metri

86 883 253 949 Romanos
288 883 410 969 aliquid
442 890 565 950 veteres
597 887 760 971 scripsisse
793 891 913 971 poetas.
951 887 1057 952 dulcia

87 968 264 1053 Septimius
288 970 343 1052 qui
358 971 485 1054 scripsit
499 972 653 1055 opuscula
666 995 712 1036 nu
736 993 779 1055 er,
802 972 977 1056 ancipitem
998 974 1056 1037 tali

86 1053 231 1119 cantavit
252 1054 393 1118 carmine
414 1055 537 1120 Ianum.
583 1055 666 1120 Tum
688 995 801 1122 addatis
824 1079 874 1122 11.
900 1059 988 1122 1-4
1011 1059 1056 1122 sic

84 1139 209 1224 pergit:
244 1147 316 1203 ecoe
349 1138 437 1204 vides
469 1146 503 1205 to
534 1143 681 1224 mopinot
707 1163 774 1207 esse
807 1142 887 1206 duos
916 1143 1055 1209 iambos:

84 1221 286 1307 temporibus
308 1245 446 1328 narpque
468 1245 560 1308 pares
583 1247 677 1310 saepe
699 1227 761 1290 sibi
783 1227 923 1291 vicissim
945 1228 1056 1292 cedere

84 1308 141 1373 101
163 1307 350 1392 tribrachyn
372 1309 539 1374 admittere
566 1332 660 1394 saepe
687 1315 825 1395 possunt
847 1312 923 1376 ‘tibi
946 1316 1053 1378 vetus’

83 1417 116 1458 e.
132 1416 163 1478 q.
175 1415 201 1456 s.
225 1391 265 1456 V.
282 1393 303 1456 2
318 1392 422 1459 adfert
437 1394 625 1460 Victorinus
639 1415 692 1480 pg.
708 1397 778 1480 116,
793 1398 816 1460 4
835 1395 921 1461 idem
944 1396 1014 1480 185,
1035 1400 1056 1462 5

86 1479 151 1544 186
167 1477 286 1560 01201,
303 1479 420 1544 omisso
436 1480 556 1564 ubique
577 1481 710 1546 nomine
732 1482 880 1546 auctoris.
905 1479 1056 1546 Ceterum

82 1563 173 1647 apud
188 1561 325 1627 eundem
340 1564 370 1627 le
394 1565 459 1628 itur
474 1587 502 1629 1.
518 1566 541 1628 4
560 1564 641 1628 illud
664 1566 817 1650 ‘templa’
840 1587 899 1650 pro
915 1587 952 1630 eo
969 1567 1055 1650 quod

84 1653 138 1714 est
159 1648 342 1732 ‘claustra'‚
366 1584 502 1714 ibrtasse
517 1650 644 1734 rectius,
659 1651 822 1716 firmatum
844 1655 929 1715 certe
951 1673 1055 1716 exem·

83 1735 142 1818 plo
157 1732 309 1813 Lucretii,
332 1733 418 1817 quod
439 1735 601 1800 imitatum
623 1757 691 1801 esse
707 1735 862 1801 Serenum
883 1736 977 1802 facile
999 1760 1055 1821 po·

82 1822 150 1884 test
164 1814 259 1882 credi.
291 1816 377 1882 Nam
391 1820 438 1884 ita
453 1821 533 1885 dixit
547 1821 602 1885 ille
617 1819 658 1902 V,
677 1821 759 1887 1436
775 1821 886 1885 mundi
901 1843 1055 1907 magnum

82 1901 246 1969 versatiii'
274 1904 431 1967 temtum
461 1909 493 1969 et
518 1906 548 1986 I,
575 1906 656 1969 1039
690 1907 769 1970 caeli
796 1906 902 1970 lucida
923 1908 1053 1990 templa.

84 1988 171 2056 Sunt
199 2007 309 2073 preces
373 1989 443 2052 reni
471 1989 511 2053 ad
539 1989 655 2052 Ianum
670 1990 749 2054 sive
771 1991 864 2054 initio
888 1993 965 2055 anni
988 1992 1054 2055 sive

87 2100 127 2143 ea
149 2071 335 2155 occasione,
364 2095 460 2157 quam
487 2073 565 2140 Oato
588 2075 623 2137 in
645 2074 727 2138 libro
751 2074 779 2138 d.
803 2096 828 2138 r.
851 2097 876 2138 r.
900 2097 967 2158 cap.
994 2077 1055 2140 134

85 2163 205 2248 tangit,
229 2157 280 2227 vel
302 2158 365 2222 alia
385 2157 497 2223 factae.
648 2229 649 2232 Ἴ

85 2249 139 2312 24.
189 2248 346 2330 rumpunt
366 2248 492 2308 teneras
514 2243 656 2307 uviferae
678 2265 785 2308 comas
807 2243 903 2330 lagei]

185 2354 229 2396 ar.
255 2329 341 2396 Viot.
370 2350 422 2414 pg.
449 2328 510 2393 104
539 2327 688 2394 Sotadius
717 2328 848 2412 dicitur,
871 2333 908 2392 ut
930 2333 978 2393 est
998 2329 1053 2395 ille

82 2418 198 2568 §vulgo
223 2421 275 2480 ‘et
297 2416 345 2478 est
366 2415 483 2498 illae').
528 2412 648 2478 Sereno
671 2412 785 2478 tribuit
804 2413 1052 2479 Werrrsdorfius.

105 2504 136 2568 5.
327 2499 367 2563 ad
388 2503 563 2563 mercatum
585 2521 639 2582 eo,
662 2499 771 2564 vilice:

326 2583 403 2668 quid
425 2585 473 2648 vis
496 2583 571 2648 inde
592 2583 668 2648 vehi
689 2589 745 2648 aut
766 2583 843 2669 agi?

147 2670 276 2736 Nonius
298 2690 352 2754 pg.
370 2668 449 2732 431:
471 2672 629 2733 mercatus
652 2673 701 2732 est
721 2670 820 2752 locus7
842 2670 878 2734 in
900 2691 964 2752 quo
987 2670 1053 2754 agi-

81 2762 138 2822 tur
174 2759 362 2820 mercatura.
417 2751 554 2818 Serenus
591 2754 762 2837 opusculis.
812 2754 907 2818 Prior
943 2775 1053 2818 versus

84 2841 206 2927 legitur
228 2838 313 2925 apud
328 2838 464 2904 eundem
480 2839 723 2924 grammaticum
737 2859 791 2924 pg.
807 2839 870 2903 212
885 2862 909 2903 s.
926 2862 955 2903 1.
972 2861 1052 2903 mer-

82 2931 184 3009 catus,
207 2925 262 2989 ubi
285 2923 421 2989 Serenus
443 2923 602 2987 ruralibus
624 2927 827 2987 memoratur.

80 3012 134 3076 26.
325 3009 470 3094 geritque
491 3009 579 3073 intus
601 3009 636 3072 in
659 3007 813 3091 oppidum

325 3093 458 3158 anhelos
480 3093 612 3177 Panope
634 3114 757 3178 greges.

147 3179 219 3243 Ter.
236 3177 280 3244 M.
297 3179 352 3242 ubi
366 3182 524 3243 memorat
537 3179 573 3242 iu
586 3179 656 3244 basi
677 3178 771 3242 metri
793 3177 935 3262 glyconii
957 3198 1051 3261 saepe

79 3269 115 3329 et
137 3264 281 3328 iambum
303 3263 429 3327 admitti
452 3286 502 3329 11.
526 3263 608 3329 2621
632 3285 718 3346 sqq:
752 3262 814 3326 hoc
842 3261 880 3326 de
903 3260 1052 3346 Septimii

82 3352 179 3434 potes
207 3348 324 3412 iunctis
352 3369 485 3412 noscere
512 3349 664 3413 versibus.
694 3385 735 3395 -
764 3345 930 3430 ‘Panope'
955 3344 1050 3429 docti,

78 3435 270 3517 ‘Panopae'
302 3431 349 3497 ed.
378 3432 479 3517 princ.
515 3472 558 3482 —
591 3432 723 3517 Panope
750 3431 846 3497 vilica
878 3431 1050 3517 eademque

80 3519 187 3584 amica
209 3516 366 3602 Septimii.

135 3655 304 3696 Nmrrnrvs.
830 3641 847 3690 4
