2468 3888
14 1288 15 1296 ,
105 1222 266 1307 opusculis
293 1223 446 1286 mactasse
475 1223 603 1285 constat

486 207 685 264 ANNIANVS.
1025 207 1066 270 41

108 372 218 438 modos
240 371 408 436 deduxisse
451 370 610 437 loriatur‘?
631 370 702 437 Nec
715 394 792 438 vero
807 374 978 439 Annianus
1000 375 1072 441 ideo

107 457 248 523 Faliscus
269 460 366 540 poeta
387 391 477 521 auiis
490 455 577 540 quod
591 455 790 522 Faliscorum
811 459 989 524 carminum
1008 459 1073 524 edi·

107 543 153 608 dit
172 543 274 607 libros
295 540 351 606 sed
373 538 460 626 quod
479 538 617 606 fundum
637 541 673 607 in
700 563 779 628 agro
800 542 926 609 Falisco
947 545 1071 610 habuit.

168 626 256 704 Quae
277 647 351 691 oum
371 626 419 691 ita
440 647 474 691 se
495 625 645 710 habeant,
667 632 801 711 apparet
820 628 892 694 falli
912 629 968 714 qui
983 628 1072 695 Sere·

105 735 183 778 num
197 711 397 777 Faliscorum
411 710 590 776 carminum
603 711 723 776 librum
744 714 962 798 composuisse
982 715 1072 780 testi-

105 797 222 863 moniis
249 799 394 861 vetemm
422 795 557 861 credunt
583 795 721 881 adstrui3
753 819 859 883 neque
888 821 927 864 ea
952 820 1011 882 per
1038 821 1072 864 se

106 882 216 966 opinio
248 882 395 946 umbram
426 881 526 945 habet
556 881 802 965 probabilitatis.
847 882 931 959 Quid
962 883 1072 950 enim?

15 983 19 996 ¹
105 967 276 1032 Annianus
303 987 376 1031 cum
398 964 530 1030 Sueium
557 971 684 1032 secutus
711 971 745 1032 et
770 967 926 1034 Laeuium
952 968 1072 1053 idylliis

105 1053 171 1117 suis
192 1073 273 1136 quae
294 1050 459 1134 inscripsit
478 1049 604 1115 Falisca
630 1051 746 1117 unalis
767 1053 853 1118 uitae
881 1055 1072 1119 suavitatem

105 1136 316 1220 descripserit,
337 1156 447 1200 nonne
470 1135 604 1200 eandem
617 1137 1073 1310 iliffifflfflfflmhrgilii

105 1329 189 1372 unus
210 1306 309 1372 homo
331 1304 416 1370 idem
430 1309 657 1390 argumentum
679 1306 777 1370 etiam
798 1307 900 1373 altero
922 1329 1073 1392 recoque-

106 1397 157 1458 ret
177 1391 297 1475 opere?
324 1389 410 1455 Nam
431 1389 512 1454 illud
532 1391 627 1456 mitto
649 1391 755 1475 ipsum
776 1390 976 1457 Faliscorum
996 1393 1073 1458 titu-

103 1478 181 1560 lum,
202 1498 275 1541 cum
290 1475 473 1559 aptissimus
495 1475 538 1540 sit
558 1475 650 1540 libris
664 1476 819 1560 Anniani,
841 1477 988 1561 ineptum
1004 1499 1072 1543 esse

14 1571 15 1578 ’
104 1561 216 1628 Sereni
238 1560 442 1644 carminibus,
463 1559 528 1625 nisi
548 1559 633 1626 forte
654 1561 751 1625 etiam
771 1561 859 1626 huno
879 1562 1016 1628 fundum
1037 1563 1073 1627 in

13 1657 14 1712 ἒ
103 1645 303 1712 Faliscorum
325 1666 403 1732 agro
449 1643 603 1710 ossedisse
625 1645 886 1715 existimabimus.

168 1731 320 1798 (letarum
341 1751 382 1794 ne
404 1667 486 1794 illud
500 1729 629 1815 quidem
651 1735 702 1796 sat
722 1735 850 1797 constat
863 1731 1003 1798 hieritne
1025 1754 1073 1797 re-

13 1831 14 1836 ’
104 1838 191 1900 vera,
213 1815 247 1881 id
269 1815 356 1900 quod
376 1815 475 1900 vulgo
497 1814 641 1900 eredunt,
664 1817 810 1914 exemplo
828 1818 1004 1916 'Annianus
1019 1815 1073 1882 Se·
1145 1821 1158 1843 ⁶

12 1897 13 1976 ζ
102 1923 192 1967 reno.
235 1901 287 1966 Ne
310 1922 350 1965 ue
376 1903 486 1964 tamen
513 1903 621 1983 potest
646 1921 760 1986 negem
781 1903 968 1985 opinionem
989 1902 1073 1968 hanc

12 2101 13 2108 ¹
101 2074 249 2136 mentum
276 2074 310 2135 et

12 2000 13 2048 3
104 2009 163 2052 sua
189 1985 286 2051 defen
310 1985 317 1998 ‘
336 1984 582 2134 Iprobabilitate.
625 1983 712 2050 Nam
738 1986 825 2050 idem
850 1988 947 2071 plane
979 2008 1073 2072 argu·

363 2068 469 2134 aliscis
496 2069 691 2134 carminibus
718 2072 752 2134 et
779 2071 940 2153 opusculis
961 2071 1073 2136 rurali-

12 2198 13 2206 κ
102 2158 180 2240 bus,
210 2155 324 2220 similis
351 2154 479 2238 utrique
506 2157 620 2238 poetae
650 2154 814 2220 variorum
834 2155 956 2239 pariter
976 2159 1072 2240 atque

102 2241 317 2307 insolentium
338 2241 514 2304 metrorum
536 2260 639 2322 amor,
662 2242 700 2305 ut
721 2240 869 2304 omittam
889 2261 1072 2324 comparem
1198 2281 1205 2296 ·

102 2330 273 2411 poetarum
287 2325 437 2410 Augusto
458 2324 603 2408 priorum
625 2324 882 2389 aemulationem.
908 2324 960 2390 Ita
975 2325 1072 2390 etiam

101 2411 342 2496 paroemiaoum
363 2430 533 2474 numerum
554 2411 726 2494 utrumque
741 2409 924 2474 adhibuisse
939 2413 1072 2494 constat,

101 2517 208 2580 neque
235 2498 285 2560 est
310 2515 368 2558 cur
395 2493 550 2559 Serenum
577 2493 725 2561 Calabrio
751 2497 854 2558 metro
881 2516 976 2560 usum
1004 2515 1072 2559 esse

101 2601 273 2666 negemus,
301 2578 388 2664 quod
413 2578 571 2663 placuisse
599 2579 649 2644 sui
676 2579 830 2664 temporis
856 2579 965 2665 lyricis
993 2579 1071 2644 satis

102 2670 214 2751 aperte
236 2664 377 2730 declarat
397 2663 610 2729 Terentianus
631 2685 682 2728 vv.
709 2663 791 2730 1992
813 2686 881 2749 sqq.
910 2703 953 2712 -
981 2663 1070 2729 Gete-

101 2748 285 2901 laiht
309 2749 415 2898 hili-⁸
441 2747 739 2898 lffinliiinilli
764 2753 841 2899 tt
862 2748 1072 2920 iiiiii?

103 2919 245 2985 carmine
273 2854 378 3002 siduid
399 2883 446 2983 ’ab
477 2917 540 2983 hoo
571 2926 727 3002 posuero’
758 2918 885 2984 abunde
917 2885 1072 2984 declarari

103 3003 252 3070 existimo
279 3025 348 3068 non
374 3004 523 3090 ignotum
548 3024 654 3087 neque
681 3003 857 3090 inglorium
883 3002 983 3068 fuisse
1004 3005 1071 3068 An-

102 3089 240 3154 nianum
262 3087 348 3173 apud
369 3089 487 3153 sacculi
501 3087 551 3153 HI
570 3087 728 3153 homines.
762 3087 840 3153 Mox
855 3088 973 3153 sensim
987 3086 1072 3153 idem

102 3174 192 3239 abire
219 3174 255 3239 in
283 3172 488 3239 oblivionem.
532 3172 626 3241 Certe
656 3175 784 3256 practer
804 3172 1010 3239 Victorinum
1039 3176 1072 3236 et

102 3259 286 3324 Ausonium
308 3257 459 3322 disertam
480 3258 549 3323 eius
574 3257 773 3322 mentionem
793 3257 913 3322 factam
933 3277 1000 3321 non
1022 3256 1071 3320 in-

102 3345 247 3427 vencris3
276 3363 381 3427 neque
409 3346 459 3407 sat
485 3345 626 3425 constat,
654 3341 812 3407 Boethius
834 3342 889 3426 qui
915 3341 952 3405 in
978 3341 1070 3406 libris

102 3428 144 3492 de
171 3429 392 3495 consolatione
419 3427 644 3526 philosophiae
672 3425 748 3577 {ffl'
779 3425 808 3514 1]
841 3426 985 3492 versibus
1013 3425 1070 3510 qui

102 3517 181 3578 sunt
202 3515 275 3598 ‘qui
297 3534 401 3578 serere
422 3532 578 3598 mgenum
598 3512 671 3578 vole
707 3531 836 3599 agrum,
858 3512 975 3577 liberat
995 3531 1072 3575 arva
