2474 3886
185 199 225 264 68
603 197 732 248 Munus

249 348 337 424 Quae
352 348 436 412 sicco
452 368 607 411 mucrone
623 345 742 410 cadet!
772 367 929 410 conuersa
943 348 1091 412 sacerdos

249 432 300 498 Ad
315 432 480 496 iuuenem:
504 431 572 495 ‘dic
588 435 688 494 nauta
702 431 816 514 fugax,
832 431 937 513 pirata
951 431 1106 496 nefande:

248 517 308 581 Est
322 537 454 581 consors
469 520 617 581 matrona
632 513 747 578 decens
762 537 804 578 an
820 514 940 578 caelibe
955 515 1024 580 uita

186 615 236 662 555
249 601 299 666 De
323 602 350 666 is
362 600 466 665 adhuc
478 600 666 683 nullumque
679 598 766 662 domi
780 600 837 663 tibi
847 599 967 696 pignus
977 600 1146 664 habetur‘?’

248 621 377 750 ‘Solus’
394 685 440 748 ait
456 685 602 767 captiuus
621 691 716 779 ‘egc,
731 682 812 746 mihi
826 703 965 778 pignora
980 683 1072 748 nulla

249 769 405 854 Coniugis
420 772 476 832 aut
491 768 639 832 sobolis'
671 766 763 830 drctis
777 787 891 851 gaursa
907 767 1021 852 uirago

248 851 374 917 Blanda
388 852 501 916 refert:
525 852 679 937 ‘uisergo
697 871 786 914 meus
797 871 884 915 nunc
896 873 964 916 esse
978 851 1148 916 maritusl'

252 936 407 1002 ‘Seruus’
423 935 520 1000 Iason
534 937 580 1002 ait
595 939 739 1000 ‘tantum
754 957 794 998 ne
809 936 878 1000 uita
893 940 1031 1020 negetur

188 1035 236 1084 555
248 1022 293 1086 Te
308 1042 423 1105 precor
438 1024 470 1084 et
485 1019 648 1084 dominam
663 1017 795 1084 fateor)
827 1020 871 1084 sic
886 1019 982 1084 fatus.
1014 1020 1120 1084 atille

250 1105 386 1188 Rumpit
400 1105 508 1168 uincla
522 1104 674 1187 iubetque
689 1104 760 1168 uiro
776 1104 952 1186 suspendat
960 1105 1006 1168 'ab
1021 1105 1085 1168 aris

245 1189 298 1254 'Ut
312 1189 438 1252 facinus
452 1193 570 1273 purget
584 1189 761 1335 proprium.
790 1193 887 1252 uocat
901 1189 971 1272 ipsa
985 1189 1150 1253 maritum'

251 1273 404 1338 Uestibus
419 1273 569 1337 indutum
611 1272 688 1356 yriis
704 1293 783 1355 quas
799 1273 918 1336 sericus
933 1273 1035 1337 ambit

251 1357 360 1422 Mollis
376 1358 458 1421 etin
472 1357 577 1421 medio
593 1356 720 1420 fuluum
735 1355 925 1421 distinxerat
939 1379 1068 1440 aarum,

186 1455 236 1504 550
250 1442 378 1506 Blattea
393 1442 531 1526 puniceo
546 1440 715 1505 radiabant
728 1440 866 1504 stamina
879 1441 945 1505 filo.

249 1525 392 1608 Expauit
405 1527 530 1607 nutrix,
547 1546 657 1588 omnes
673 1530 822 1608 stupuere
838 1525 987 1589 ministri.

250 1613 295 1672 At
310 1631 391 1691 puer
404 1609 474 1755 ipni
499 1613 591 1672 555115
605 1608 710 1673 uictor
729 1630 787 1692 per
800 1609 922 1692 templa
932 1609 1122 1692 triumphat,

249 1693 282 1756 N
283 1692 364 1755 udus
378 1693 413 1755 lu
436 1693 463 1755 it
509 1713 621 1775 ymen,
636 1693 744 1756 mollis
758 1692 892 1756 lasciuia
906 1694 1017 1776 saltat,

252 1776 377 1840 Blanda
390 1776 493 1840 libido
510 1776 590 1858 coit,
606 1777 743 1858 simplex
757 1777 889 1842 affectus
903 1777 1065 1860 inhaeret,

187 1874 237 1921 555
252 1860 390 1924 Ludicra
404 1861 549 1943 puniceis
564 1861 759 1924 resonabant
774 1861 883 1925 oscula
896 1861 1011 1944 labris,

251 1945 340 2008 Dant
354 1944 465 2008 faciles
481 1945 611 2028 plausus
627 1944 798 2009 concordia
812 1945 917 2029 gratia
930 1945 1033 2009 lusus:

251 2027 394 2113 Sponsus
409 2029 505 2093 Iason
521 2032 589 2093 erat
604 2029 747 2113 gaudens
763 2033 795 2093 et
810 2051 928 2112 sponsa
943 2029 1088 2094 sacerdos

251 2113 302 2178 Ad
316 2113 478 2178 thalamos
492 2118 567 2198 post
581 2113 702 2196 templa
715 2114 790 2177 ruit.
817 2117 895 2178 tunc
909 2114 1056 2197 pronuba
1067 2113 1151 2178 Iuno

251 2197 368 2263 Adfuit
382 2204 414 2263 et
428 2203 536 2283 grates
551 2196 688 2263 Ueneris
703 2197 841 2262 facunda
857 2199 1001 2264 canebat.

188 2295 239 2343 alc
251 2282 334 2347 Ecce
349 2284 586 2367 triumphantes
601 2283 741 2366 ingratia
757 2281 836 2345 dura
850 2283 973 2368 iugales

253 2366 358 2433 Conse
382 2368 468 2432 uitur
484 2387 595 2450 gressu
611 2387 756 2447 consors,
773 2366 895 2431 obliuio
911 2367 967 2432 iun
991 2366 1026 2430 it.

96 2484 127 2531 [9,
141 2482 175 2530 56]
253 2389 414 2514 Marcidus
428 2451 552 2513 interea
567 2449 696 2514 domitis
711 2449 855 2514 rediebat
869 2451 909 2516 ab
924 2387 1012 2514 Indis

251 2534 349 2597 Liber
363 2533 551 2598 anhelantes
567 2533 709 2598 residens
723 2538 798 2618 post
812 2535 935 2618 proelia
951 2535 1051 2619 tigres
1056 2584 1065 2617 ,

251 2617 353 2690 Quem
368 2618 513 2700 sequitur
528 2616 667 2681 iucunda
682 2641 795 2683 manus
811 2619 927 2684 saltare
941 2622 1054 2702 parata

188 2699 351 2764 arenaria
366 2702 546 2785 pampineis
562 2702 698 2767 miscens
713 2703 852 2788 uestigia
865 2703 995 2788 thyrsis.

251 2784 359 2850 Sensit
374 2785 581 2850 amoriferum
596 2785 778 2870 Scythicam
793 2788 899 2852 fixisse
915 2787 1041 2873 sagittis

250 2868 295 2932 Et
309 2869 474 2934 uolucrem
489 2892 624 2954 puerum
637 2872 828 2955 populatum
841 2873 963 2956 templa
977 2871 1122 2935 Dianae:

254 3092 304 3141 248
323 3090 439 3156 dignata
506 3091 556 3160 250
574 3094 665 3141 lacuna
682 3093 797 3141 indicata
814 3101 852 3142 est
871 3095 975 3159 etiump
1044 3094 1097 3142 256
1118 3094 1162 3143 iu·

187 3157 306 3224 usuique
324 3173 392 3210 corr.
406 3156 505 3208 Bacch.
521 3160 525 3219 Ι
540 3158 618 3223 uirgo
635 3165 638 3224 Ι
654 3160 797 3223 suspendit
815 3177 883 3210 corr.
903 3161 999 3210 Buerla
1019 3170 1162 3225 corrupte·

785 3235 796 3265 Ε
1054 3246 1066 3266 ι

187 3278 227 3323 lae
245 3283 306 3326 ncta
324 3277 411 3326 uersur'
427 3279 548 3339 praefica
566 3284 605 3326 esc
661 3279 710 3328 258
729 3293 810 3342 quam
874 3279 924 3328 260
942 3277 1040 3327 Bldtee
1109 3281 1164 3330 267

187 3348 246 3390 ante
265 3344 395 3393 sacerdos
417 3345 551 3406 repetitum
574 3357 654 3392 sacec
678 3343 783 3405 (initum
801 3347 893 3394 literae
912 3344 939 3408 d)
1009 3346 1059 3395 268
1078 3344 1167 3396 ducit

188 3410 216 3454 et
234 3407 306 3458 hunc
326 3427 395 3461 corr.
414 3409 511 3460 Bacch.
571 3411 621 3458 ‘269
639 3411 710 3460 malis
728 3411 832 3460 Ueneri
889 3412 935 3461 271
957 3427 1067 3476 gressus
1087 3429 1168 3465 corr.

187 3471 284 3526 Buccis.
354 3479 404 3527 275
422 3479 505 3539 tyrsis
