2474 3886
581 179 701 230 HYLAS

247 382 289 448 ΙΙ.
319 383 399 466 Eup.
413 379 571 465 praelatio
585 379 760 445 trochaicis
773 379 921 444 uorsibus
935 376 1032 444 dicta.

531 466 652 551 Incipit
662 467 749 532 Ylos.

221 625 303 691 Fata
319 646 432 688 canam
447 621 539 706 pueri
553 619 780 704 Nympharum
793 641 887 684 uersa
902 619 1007 684 colore

219 709 261 774 In
274 709 404 790 melius,
421 707 447 770 si
462 705 556 770 Musa
570 726 697 770 mones:
721 705 792 788 quis
811 725 901 768 cusus
916 701 1036 768 ademit

221 793 328 858 Aloidi
343 791 508 874 comitem,
524 790 669 853 solamen
685 789 776 853 dulce
790 787 973 852 malorum?
993 859 996 866 k

221 878 361 942 Fuderat
374 873 495 939 Idalius
510 874 633 958 gremio
649 894 683 937 se
696 873 781 938 forte
795 873 940 956 parentis

187 975 203 1024 5
218 961 376 1044 Pinniger
391 963 424 1022 el
437 957 556 1022 collum
571 957 724 1022 uiolenlis
740 958 884 1021 cinxerat
898 956 984 1020 ulnis

222 1044 339 1109 Oscula
352 1064 435 1127 puro
447 1063 576 1127 rogans,
593 1043 594 1048 ’
609 1046 711 1106 muter
726 1041 843 1106 deuota
857 1061 1007 1104 coruscos

220 1128 373 1213 Indulget
387 1127 497 1191 uultus
512 1147 669 1209 roseoque
684 1129 733 1189 est
748 1145 821 1190 orsa
834 1125 967 1189 labello:

73 1243 107 1292 [p.
121 1247 144 1294 2]
223 1212 262 1278 ‘0
277 1211 391 1276 mundi
406 1211 560 1293 domitor,
579 1210 659 1274 caeli
675 1231 802 1294 quoque
816 1210 945 1273 flamma
959 1209 1123 1293 mnenon,

221 1297 353 1362 Numen
367 1317 466 1380 posco
481 1298 574 1358 torum
589 1295 679 1359 cuius
694 1295 753 1358 sub
768 1294 837 1357 iure
853 1314 993 1376 uaporo‚

173 1395 206 1443 10
220 1381 283 1446 Per
296 1381 354 1445 lua
367 1381 447 1462 tela,
462 1401 556 1462 puer,
571 1378 720 1442 fecundis
733 1379 828 1442 inlita
842 1377 978 1440 flammis

222 1465 269 1530 Ut
284 1465 338 1528 des
354 1465 503 1528 effectam
517 1464 602 1526 uotis
617 1463 656 1526 de
672 1483 761 1526 more
775 1461 929 1545 parentis.

220 1549 278 1614 Nil
292 1547 380 1629 rude,
395 1550 480 1627 nale,
495 1567 610 1628 precor
623 1568 684 1610 nec
698 1547 833 1629 supplex
850 1544 997 1628 improba
1010 1565 1124 1630 posce,

221 1632 333 1696 Ardua
346 1653 414 1694 non
429 1631 524 1694 iubeo
540 1631 688 1713 quamuis
708 1631 812 1714 magis
830 1629 929 1694 ardua
944 1628 1078 1693 uinces!

220 1717 280 1780 Ille
295 1714 396 1779 refert
410 1714 520 1778 matris
536 1714 737 1797 disrumpens
751 1714 851 1779 uerba
863 1712 1040 1798 precantis:

172 1812 203 1861 15
220 1799 359 1884 ‘Magna
372 1798 461 1876 iube,
476 1819 544 1862 non
560 1819 636 1862 ausa
650 1801 755 1882 ptine,
770 1798 920 1863 sublimia
934 1796 1053 1860 manda

221 1883 249 1948 Ο
266 1881 414 1968 genitrix.
444 1903 507 1965 quo
522 1883 587 1962 tela
601 1904 698 1948 uocas
713 1887 769 1947 aul
784 1883 860 1966 quid
874 1883 958 1966 pelis
972 1881 1037 1963 uri,

223 1967 325 2043 Quem
337 1966 447 2030 diuum
459 1967 554 2030 modo
566 1966 650 2031 forte
664 1968 756 2031 iubes
766 1967 977 2031 hominumue
988 1965 1124 2031 lacessi?

220 2052 389 2134 Exprime,
412 2051 602 2115 flammetur.
634 2051 711 2136 quid
724 2051 803 2115 fletu
823 2051 948 2115 lumina
961 2049 1111 2134 linguis?

220 2136 351 2219 Audeo,
367 2136 394 2198 si
410 2135 534 2218 cupias,
550 2136 562 2199 i
585 2158 656 2200 sum
670 2136 835 2200 flammare
849 2136 1030 2201 Tonantem

171 2233 205 2282 20
219 2220 265 2286 Et
279 2221 445 2285 dominum
461 2220 541 2284 caeli
556 2157 640 2285 licie
653 2221 772 2285 uestire
787 2221 918 2284 iuuenci

221 2304 430 2388 Oblitumque
445 2305 513 2387 poli
527 2326 636 2368 rursus
650 2305 775 2389 mugire
789 2326 848 2386 per
861 2304 977 2368 herbas

222 2388 395 2454 Confessus
410 2409 468 2470 per
481 2391 575 2470 prata
588 2389 730 2470 bouemr
744 2389 837 2452 cadat
853 2409 968 2452 aureus
982 2386 1087 2450 imber

221 2471 361 2536 Diuitias
377 2475 414 2534 ut
427 2474 514 2534 tecta
527 2471 657 2554 pluant,
673 2472 715 2535 sic
728 2471 875 2536 fulminis
889 2473 956 2536 eles

220 2556 293 2638 Ipse
310 2556 374 2638 sui,
390 2558 515 2637 satyrus
531 2576 649 2638 cycnus
663 2555 802 2622 Latonia
817 2578 963 2640 serpens:

171 2651 204 2701 25
219 2640 410 2703 Alcmenam
424 2639 569 2722 galeatus
584 2644 684 2723 amet,
699 2663 853 2705 mucrone
867 2641 1013 2705 coruscet

220 2722 266 2788 Fu
279 2723 382 2806 clipeo
397 2723 551 2786 rutilante
566 2727 658 2788 tonet
673 2723 749 2789 dum
762 2725 855 2789 miles
870 2725 996 2789 adulter

221 2805 408 2892 coniungat
421 2809 532 2872 noctes
547 2809 710 2872 subtracta
724 2809 794 2873 luce
811 2809 943 2873 dierum.

221 2889 257 2956 si
271 2889 379 2954 Pallas
392 2892 532 2975 placeat,
547 2896 677 2957 nostros
691 2893 756 2957 iam
771 2894 888 2957 sentiet
902 2894 995 2977 ignes

223 3047 254 3098 11
270 3047 297 3098 iu
313 3045 480 3108 imcriptione
498 3045 667 3096 throchaicis
726 3050 739 3096 1
757 3049 849 3097 Facto.
864 3045 869 3111 Ι
885 3047 975 3097 colore
1039 3048 1055 3094 5
1074 3061 1126 3096 uo-

157 3113 241 3165 lentis
262 3128 331 3164 corr.
354 3110 452 3164 Bucco.
539 3115 571 3164 10
597 3114 662 3164 lunc
686 3129 785 3164 uersum
810 3116 897 3165 eadem
918 3128 1005 3163 manua
1035 3115 1125 3163 eodem

157 3183 298 3232 atramento
316 3181 342 3230 in
359 3182 472 3245 marpine
494 3182 635 3245 adscripsit
656 3189 682 3232 et
702 3185 800 3232 lineolis
817 3198 871 3232 cum
888 3187 962 3232 teatu
980 3183 1124 3230 consonate.

157 3253 285 3314 neglectus
302 3255 342 3299 est
359 3249 532 3298 numeratione
549 3265 665 3299 uersuum
682 3251 816 3314 marpinale'
881 3251 911 3299 17
929 3249 1069 3298 hominum
1087 3249 1122 3298 de

156 3319 271 3380 sequitur
282 3319 446 3378 corruptelae
462 3319 558 3378 ciprum
609 3323 668 3380 post
686 3319 717 3365 21
736 3333 789 3366 curn
806 3323 938 3366 structura
955 3317 1123 3366 lactamina

157 3398 247 3432 uersus
269 3385 378 3446 periisse
399 3385 502 3444 cudetur
569 3384 602 3433 23
626 3384 681 3434 sint
701 3399 768 3434 corr.
787 3383 885 3434 Bueclr.
953 3385 986 3432 24
1010 3382 1073 3446 Ipse
1092 3384 1124 3432 ui

157 3453 322 3514 corruptelae
345 3451 440 3513 ciprum
457 3451 544 3500 uereui
565 3453 747 3516 praepositum.
782 3465 851 3501 corr.
870 3449 966 3500 Bacch.
