2468 3888
452 233 659 281 PRAEFATIO.
985 235 1036 282 Vll

83 387 216 452 indicant
250 409 287 452 ao
319 407 421 471 paene
453 385 616 471 clamant).
671 384 748 449 Mox
785 386 887 450 eidem
922 391 1035 470 poetae

84 471 311 538 Wemsdorfius
340 471 425 536 haud
454 469 666 555 spernendam
693 473 726 534 et
747 469 883 535 similem
905 472 1036 557 reliquis

82 558 188 640 quibus
209 559 379 642 plerosque
424 561 512 622 oetas
534 556 652 621 latinos
673 559 860 639 prosecutus
882 561 932 621 est
953 557 1036 622 euris

82 643 205 708 navavit
226 664 356 727 operam
380 579 552 729 [lind
572 638 722 728 a.1778].
746 679 787 688 —
810 639 959 706 Ceterum
980 664 1038 742 per

81 729 271 793 saeculorum
304 749 431 792 cursum
464 730 497 791 εὴ
528 727 564 790 in
593 729 685 792 tanta
712 725 925 792 subsidiorum
952 732 1036 792 ontr-

81 833 184 877 eorum
197 814 354 877 tenuitate
376 812 494 876 sensim
516 815 680 895 evenerat,
702 815 739 877 ut
760 815 793 876 εὴ
813 815 898 877 reete
919 811 1037 877 tradita

81 898 175 962 multa
207 898 509 982 interpolationibus
537 901 795 981 perverterentur
822 901 854 961 et
880 919 974 982 saepe
1001 899 1037 962 iu

82 983 162 1046 vitiis
176 983 327 1048 tollendis
342 983 395 1047 via
409 982 515 1046 minus
538 1004 574 1046 ao
595 983 720 1047 ratione
764 1004 838 1047 uam
860 1004 919 1067 pro
941 986 1037 1068 captu

81 1069 109 1131 et
128 1069 259 1133 arbitrio
282 1068 434 1166 cuiusque
454 1089 504 1132 res
524 1071 697 1152 gereretur.
767 1068 819 1132 uia
834 1068 1035 1134 incommodo

81 1153 212 1236 primum
227 1154 354 1219 obviam
376 1153 416 1217 rit
430 1151 667 1217 Wernsdorfius
684 1154 875 1237 comparatis
891 1154 1037 1219 editioni-

81 1237 134 1302 bus
154 1239 393 1322 vetustissimis,
421 1242 454 1302 et
479 1238 599 1302 maiore
619 1259 692 1302 oum
713 1259 788 1302 eura
809 1238 975 1323 Zumptius
997 1239 1035 1326 [a.

83 1323 179 1410 1840]‚
194 1325 249 1410 qui
265 1323 450 1389 Sannazarii
466 1323 655 1407 exemplum,
676 1323 793 1408 dequo
809 1345 906 1408 supra
919 1345 1037 1388 memo-

80 1409 159 1493 ravi,
179 1409 432 1508 in.bllli⁰lhe⁰³l
446 1407 690 1473 Vindobonensi
730 1409 955 1557 rppitpnsdillud
997 1410 1037 1473 ri-

80 1493 778 1645 tridentinorum
791 1493 1038 1677 stultit

81 1665 206 1730 meritus
228 1667 293 1748 est,
316 1665 405 1730 ouius
421 1664 520 1729 vitam
542 1665 662 1749 pariter
684 1669 717 1730 et
731 1664 850 1749 scripta
864 1687 928 1731 ram
943 1668 1038 1730 antea

82 1749 351 1815 observationibus
378 1773 406 1815 a.
432 1751 513 1816 1836
541 1750 634 1815 editis
661 1749 886 1817 illustraverat.
908 1789 950 1797 -—
976 1749 1039 1816 Sed

82 1835 161 1899 enim
181 1834 337 1900 haetenus
363 1835 403 1900 ab
430 1835 487 1900 illo
515 1833 683 1901 dissentire
710 1857 823 1922 cogor,
852 1835 938 1920 quod
965 1857 1037 1900 oum

82 1921 144 2003 ipse
157 1923 248 1986 tanta
259 1942 332 1985 oum
343 1920 404 1985 fide
416 1920 639 1990 vetustissimis
653 1920 809 1986 librorum
824 1921 891 1986 sive
906 1921 1037 2005 scripto-

82 2026 147 2069 rum
161 2006 227 2073 sive
242 2006 470 2089 impressorum
483 2005 676 2070 testimoniis
691 2005 879 2090 adhaeserit,
892 2028 944 2070 sae
968 2028 1037 2071 ene

82 2095 185 2173 aperta
199 2089 328 2176 quidem
343 2091 458 2155 menda
472 2090 586 2156 tollere
600 2095 636 2154 ut
652 2091 836 2174 sustineret,
858 2112 918 2155 nos
940 2029 1038 2155 liund-

83 2195 235 2261 quaquam
262 2176 394 2260 perinde
422 2175 567 2240 difficiles
596 2174 716 2239 fuimus
738 2174 941 2239 admittendis
964 2197 1038 2240 oon-

83 2259 217 2346 iacturis,
245 2261 341 2326 etiam
368 2260 422 2326 hie
449 2264 491 2325 ut.
512 2260 630 2344 ubique
657 2260 719 2324 rati
746 2281 813 2325 non
841 2260 947 2324 minus
969 2260 1037 2324 falli

84 2345 134 2427 qui
159 2346 293 2410 nimium
322 2346 483 2411 codicibus
510 2345 688 2410 tribuerent
715 2367 811 2429 quam
837 2345 892 2429 qui
913 2367 1036 2428 parum.

142 2429 289 2496 Ceterum
316 2453 388 2496 oum
416 2431 552 2516 suspitio
574 2434 657 2495 esset
679 2435 750 2496 orta
771 2429 942 2495 collatione
964 2430 1038 2494 libri

84 2513 336 2582 vindobonensis
356 2539 423 2582 non
444 2517 521 2582 satis
542 2519 689 2582 accurata
714 2538 807 2582 usum
833 2538 901 2581 esse
924 2514 1038 2600 Zump-

84 2599 172 2686 tium‚
195 2602 233 2666 de
256 2625 294 2667 ea
314 2624 349 2666 re
371 2602 435 2666 adii
449 2602 655 2668 Theodorum
671 2601 912 2686 Gompmzinm,
934 2602 1038 2667 virum

85 2685 331 2772 celeberrimum,
369 2688 424 2772 qui
458 2686 563 2752 denuo
595 2688 799 2772 pervolutato
832 2686 940 2752 codiee
971 2709 1039 2752 non

84 2767 200 2854 lapsum
229 2794 296 2837 esse
324 2795 374 2837 me
404 2772 556 2856 opinione
585 2793 703 2857 magna
724 2793 798 2837 oum
819 2773 969 2838 comitate
991 2795 1038 2837 re-

84 2857 211 3003 serZipsit.
228 2857 353 2957 ”Huius
368 2858 469 2956 igitur
482 2857 543 2921 viri
559 2857 621 2922 fide
635 2858 798 2954 nituntur,
821 2858 913 2942 siqua
935 2859 1039 2922 aliena

84 2941 1038 3126 summum

85 3107 219 3177 addrtum
240 3112 308 3177 fere
331 3114 441 3196 essef.
465 3113 499 3200 (i.
518 3135 544 3179 e.
559 3113 721 3200 fortasse),
744 3113 799 3179 sed
821 3118 858 3179 ut
877 3115 927 3178 bis
949 3117 1037 3178 terve

86 3191 181 3262 deleta
201 3199 244 3263 sit
266 3197 345 3263 haee
366 3220 429 3263 vox
451 3199 579 3264 lineola.

140 3281 251 3383 Ilaq11e
279 3284 451 3382 iamnquae
479 3285 547 3350 sive
574 3306 612 3350 ex
638 3284 783 3384 priorum
815 3283 1039 3381 inventisad-

86 3369 1039 3538 lostttttttJtlttlttttttltlt?

87 3553 157 3603 mus.
180 3579 221 3588 -
249 3539 334 3604 llum
360 3541 460 3605 seeuti
488 3538 643 3605 editorem
669 3543 748 3605 nota
775 3538 1038 3624 Csignifieamus
