2468 3888
195 804 288 903 DE
314 799 546 903 POETIS
575 800 856 900 SAEOVLI
881 801 941 900 V.
968 801 1017 900 Ο.
1045 803 1109 900 X.

229 1003 387 1070 Hadriani
417 1026 436 1068 a
464 1007 608 1087 tempore
631 1023 704 1066 cum
725 1003 826 1087 ipsius
848 1003 1003 1087 principis
1025 1006 1137 1067 aucto·

166 1091 263 1154 ritate
291 1111 401 1152 rursus
429 1088 545 1152 coalita
573 1091 656 1152 erret
676 1087 814 1152 imitatio
837 1088 1030 1172 scriptorum
1051 1087 1136 1152 anti-

188 1173 408 1258 uissimorum,
428 1188 626 1258 quamquam
646 1194 721 1236 suus
743 1193 869 1256 semper
889 1172 1008 1237 mansit
1027 1171 1136 1237 honos

201 1258 330 1345 argalio,
353 1262 462 1323 tomen
483 1258 629 1342 priorum
646 1260 749 1321 aetate
763 1261 932 1341 poetarum
952 1257 1057 1342 magis
1079 1257 1137 1321 ob-

164 1347 333 1410 servarunt
351 1343 497 1427 exempla
510 1341 670 1407 Frontoni
685 1342 841 1427 aequales.
879 1341 907 1408 E
977 1342 1047 1406 'us
1068 1364 1136 1406 ma

161 1430 247 1494 xime
268 1429 356 1494 fama
378 1428 586 1512 percrebuere
606 1429 734 1511 praeter
752 1427 859 1511 ipsum
878 1364 1081 1492 Hadiionum
1095 1424 1135 1490 P.

163 1514 293 1578 Annius
320 1512 451 1596 Florus,
481 1513 602 1577 amicus
630 1513 712 1596 eius,
743 1515 776 1576 et
825 1511 911 1576 aullo
938 1511 1137 1596 posteriores

162 1601 266 1664 aetate
288 1598 461 1662 Annianus
487 1596 645 1680 Faliscus,
668 1596 770 1661 Iulius
792 1534 939 1681 damus,
962 1595 999 1662 L.
1021 1597 1136 1680 Appu-

162 1683 253 1747 leius.
297 1679 391 1747 Vnde
424 1681 575 1745 nonnulli
609 1681 718 1746 Plauti
749 1680 956 1765 Terentiique
989 1681 1137 1746 senarios

161 1765 317 1831 iambicos
339 1768 372 1829 et
393 1765 573 1829 trochaicos
598 1766 797 1849 septenarios
824 1766 964 1851 propriis
986 1765 1137 1831 carmini·

50 1856 52 1860 '
162 1852 222 1915 bur
237 1853 465 1915 restauravero
503 1847 566 1915 Sed
587 1850 695 1935 plures
717 1851 819 1916 multo
836 1849 948 1916 Laevii
962 1851 1137 1917 Varronis-

163 1957 226 2020 que
247 1938 280 1999 et
299 1935 483 2020 aequalium
503 1935 591 2000 hisce
608 1939 784 2000 metrorum
799 1937 1065 2001 numerositatem
1079 1957 1137 2020 ap-

162 2021 391 2106 probaverunt.
423 2018 486 2096 Qui
508 2021 598 2085 fuere
619 2021 842 2104 multiformes,
864 2021 991 2104 tenelli,
1015 2021 1138 2106 arguti,

162 2106 280 2170 nitoris
303 2127 400 2191 supra
415 2128 512 2191 quam
532 2105 617 2170 credi
638 2109 745 2190 potest
767 2105 916 2189 studiosi,
940 2127 1137 2191 quamquam

163 2195 286 2256 certum
308 2195 358 2256 est
383 2192 444 2256 sim
467 2191 560 2256 licem
582 2191 709 2275 pulchri
727 2191 869 2275 rectique
892 2190 1137 2255 sensumuullo

161 2276 237 2342 fuco
259 2275 420 2361 nullisque
442 2213 612 2341 lincomiis
633 2297 727 2360 posse
749 2276 959 2359 compensari.
1006 2273 1137 2360 Nempe

163 2361 240 2427 dum
254 2361 404 2426 varietati
418 2365 595 2426 metrorum
610 2364 643 2425 et
663 2360 841 2446 elegantiae
862 2359 1055 2444 consulitur,
1075 2361 1137 2424 mi-

162 2467 242 2511 nore
265 2466 337 2509 cum
368 2466 445 2509 cura
472 2444 655 2508 habuerunt
682 2445 763 2508 illud
785 2467 866 2528 quae
889 2445 1005 2529 cuique
1027 2449 1138 2509 essent

164 2533 240 2614 apta
267 2528 411 2596 carmini.
455 2528 550 2594 Vnde
578 2530 611 2592 et
632 2526 770 2594 Serenus
796 2551 847 2594 res
874 2529 1026 2595 leviculas
1047 2529 1138 2593 haud

166 2635 240 2678 raro
269 2612 468 2678 cothurnatis
495 2613 697 2697 persequitur
724 2615 866 2680 numeris
888 2618 922 2679 et
942 2613 1073 2698 quidam
1096 2635 1137 2679 eo

164 2697 342 2762 dementiae
378 2698 554 2784 progressi,
592 2701 630 2762 ut
662 2700 744 2784 epici
780 2700 930 2764 carminis
965 2699 1138 2763 materiam

164 2781 307 2846 dimetria
335 2781 481 2848 iambicis
508 2787 722 2850 attenuarent.
765 2783 837 2850 Hoc
865 2787 914 2849 est
941 2783 1028 2867 quod
1055 2783 1138 2848 dicit

165 2865 384 2944 Quintilianus
411 2868 495 2934 circa
522 2869 672 2936 stilicidia
698 2869 799 2954 effici,
829 2869 868 2935 de
889 2869 1055 2934 maiestate
1077 2889 1140 2952 po·

165 2952 235 3037 puli
256 2949 396 3016 Romani
418 2953 552 3020 demisse
575 2975 668 3040 agere
691 2957 724 3018 et
745 2955 914 3020 subtiliter.

231 3035 380 3103 Ceterum
409 3039 503 3102 omisi
530 3060 639 3104 versus
661 3037 749 3122 illos,
778 3040 834 3123 qui
855 3038 941 3123 apud
962 3038 1140 3121 scriptores

162 3121 320 3187 historiae
348 3123 379 3186 A
448 3124 514 3186 stae
543 3125 729 3206 occurrunt,
757 3144 798 3187 ne
826 3123 989 3189 barbaries
1016 3123 1139 3188 horum

163 3207 310 3272 Anniani
332 3229 369 3272 ac
414 3207 502 3271 ereni
524 3211 557 3272 et
577 3207 774 3290 reliquorum
796 3207 940 3274 officeret
959 3207 1070 3290 nitori,
1095 3208 1140 3272 si-

163 3290 232 3352 mul
275 3292 330 3356 uia
351 3312 539 3376 persuasum
559 3294 628 3355 erat
649 3311 704 3354 eos
725 3290 840 3356 melius
861 3292 1016 3357 reservari
1038 3291 1141 3376 syllo-

163 3392 224 3457 gae
245 3373 257 3434 i
286 3374 309 3457 '‚
338 3397 402 3458 quo
426 3374 552 3454 omnia,
580 3377 740 3456 quotquot
761 3379 887 3460 extant,
912 3375 1141 3442 Romanorum

161 3456 308 3520 carmina
329 3458 499 3543 popularia
523 3455 773 3536 complectimur.

414 3783 721 3832 A-
