<?xml version="1.0" encoding="UTF-8"?>
<!DOCTYPE html PUBLIC "-//W3C//DTD XHTML 1.0 Transitional//EN"
    "http://www.w3.org/TR/xhtml1/DTD/xhtml1-transitional.dtd">
<html xmlns="http://www.w3.org/1999/xhtml" xml:lang="en" lang="en">
 <head>
  <title>
</title>
<meta http-equiv="Content-Type" content="text/html;charset=utf-8" />
  <meta name='ocr-system' content='tesseract 3.04.00' />
  <meta name='ocr-capabilities' content='ocr_page ocr_carea ocr_par ocr_line ocrx_word'/>
</head>
<body>
  <div class='ocr_page' id='page_1' title='image "./dracontiicarmin01dracgoog_0015.png"; bbox 0 0 2474 3886; ppageno 0'>
   <div class='ocr_carea' id='block_1_1' title="bbox 474 176 1073 239">
    <p class='ocr_par' dir='ltr' id='par_1_1' title="bbox 474 176 1073 239">
     <span class='ocr_line' id='line_1_1' title="bbox 474 176 1073 239; baseline -0.003 -13"><span class='ocrx_word' id='word_1_1' title='bbox 474 176 689 226; x_wconf 74' lang='lat' dir='ltr'>pancrasio.</span> <span class='ocrx_word' id='word_1_2' title='bbox 1048 193 1073 239; x_wconf 78' lang='lat' dir='ltr'><strong>v</strong></span> 
     </span>
    </p>
   </div>
   <div class='ocr_carea' id='block_1_2' title="bbox 100 291 1073 2804">
    <p class='ocr_par' dir='ltr' id='par_1_2' title="bbox 100 291 1073 1882">
     <span class='ocr_line' id='line_1_2' title="bbox 108 291 1073 379; baseline -0.005 -19"><span class='ocrx_word' id='word_1_3' title='bbox 108 313 216 379; x_wconf 89' lang='lat' dir='ltr'>opus</span> <span class='ocrx_word' id='word_1_4' title='bbox 244 292 322 376; x_wconf 90' lang='lat' dir='ltr'>quid</span> <span class='ocrx_word' id='word_1_5' title='bbox 349 291 436 356; x_wconf 88' lang='lat' dir='ltr'>aliud</span> <span class='ocrx_word' id='word_1_6' title='bbox 462 291 561 355; x_wconf 90' lang='lat' dir='ltr'>fuerit</span> <span class='ocrx_word' id='word_1_7' title='bbox 588 294 684 374; x_wconf 89' lang='lat' dir='ltr'>atque</span> <span class='ocrx_word' id='word_1_8' title='bbox 712 291 841 356; x_wconf 87' lang='lat' dir='ltr'>minora</span> <span class='ocrx_word' id='word_1_9' title='bbox 870 293 981 357; x_wconf 89' lang='lat' dir='ltr'>nostra</span> <span class='ocrx_word' id='word_1_10' title='bbox 1007 313 1073 356; x_wconf 88' lang='lat' dir='ltr'>car-</span> 
     </span>
     <span class='ocr_line' id='line_1_3' title="bbox 107 374 1067 460; baseline -0.004 -16"><span class='ocrx_word' id='word_1_11' title='bbox 107 379 199 444; x_wconf 86' lang='lat' dir='ltr'>mina</span> <span class='ocrx_word' id='word_1_12' title='bbox 226 399 294 441; x_wconf 92' lang='lat' dir='ltr'>non</span> <span class='ocrx_word' id='word_1_13' title='bbox 320 374 424 440; x_wconf 81' lang='lat' dir='ltr'>video.</span> <span class='ocrx_word' id='word_1_14' title='bbox 469 376 576 458; x_wconf 86' lang='lat' dir='ltr'>Atque</span> <span class='ocrx_word' id='word_1_15' title='bbox 609 374 719 438; x_wconf 89' lang='lat' dir='ltr'>eadem</span> <span class='ocrx_word' id='word_1_16' title='bbox 751 377 893 440; x_wconf 89' lang='lat' dir='ltr'>carmina</span> <span class='ocrx_word' id='word_1_17' title='bbox 924 381 1067 460; x_wconf 86' lang='lat' dir='ltr'>spectare</span> 
     </span>
     <span class='ocr_line' id='line_1_4' title="bbox 105 458 1067 545; baseline -0.003 -18"><span class='ocrx_word' id='word_1_18' title='bbox 105 463 259 527; x_wconf 89' lang='lat' dir='ltr'>videntur</span> <span class='ocrx_word' id='word_1_19' title='bbox 287 461 385 524; x_wconf 89' lang='lat' dir='ltr'>verba</span> <span class='ocrx_word' id='word_1_20' title='bbox 413 460 449 523; x_wconf 90' lang='lat' dir='ltr'>in</span> <span class='ocrx_word' id='word_1_21' title='bbox 476 458 646 523; x_wconf 90' lang='lat' dir='ltr'>Bobiensis</span> <span class='ocrx_word' id='word_1_22' title='bbox 674 458 886 524; x_wconf 68' lang='lat' dir='ltr'>bibliothecae</span> <span class='ocrx_word' id='word_1_23' title='bbox 920 461 1067 545; x_wconf 86' lang='lat' dir='ltr'>catalogo</span> 
     </span>
     <span class='ocr_line' id='line_1_5' title="bbox 106 543 1068 630; baseline -0.004 -19"><span class='ocrx_word' id='word_1_24' title='bbox 106 546 186 612; x_wconf 88' lang='lat' dir='ltr'>anni</span> <span class='ocrx_word' id='word_1_25' title='bbox 209 545 323 630; x_wconf 82' lang='lat'><strong>1461⁷)</strong></span> <span class='ocrx_word' id='word_1_26' title='bbox 346 543 439 607; x_wconf 86' lang='lat' dir='ltr'>haec:</span> <span class='ocrx_word' id='word_1_27' title='bbox 475 543 644 607; x_wconf 77' lang='lat' dir='ltr'>‘Draconti</span> <span class='ocrx_word' id='word_1_28' title='bbox 666 543 830 608; x_wconf 89' lang='lat' dir='ltr'>cuiusdam</span> <span class='ocrx_word' id='word_1_29' title='bbox 845 545 1068 610; x_wconf 87' lang='lat' dir='ltr'>versificatoris</span> 
     </span>
     <span class='ocr_line' id='line_1_6' title="bbox 103 625 1069 713; baseline -0.002 -19"><span class='ocrx_word' id='word_1_30' title='bbox 103 633 310 694; x_wconf 87' lang='lat' dir='ltr'>tractatus</span> <span class='ocrx_word' id='word_1_31' title='bbox 338 628 373 691; x_wconf 94' lang='lat' dir='ltr'>in</span> <span class='ocrx_word' id='word_1_32' title='bbox 401 626 555 690; x_wconf 88' lang='lat' dir='ltr'>versibus.</span> <span class='ocrx_word' id='word_1_33' title='bbox 582 627 618 689; x_wconf 92' lang='grc'>111</span> <span class='ocrx_word' id='word_1_34' title='bbox 645 625 739 690; x_wconf 89' lang='lat' dir='ltr'>litera</span> <span class='ocrx_word' id='word_1_35' title='bbox 766 627 972 713; x_wconf 82' lang='lat' dir='ltr'>langobarda.</span> <span class='ocrx_word' id='word_1_36' title='bbox 1004 650 1069 692; x_wconf 92' lang='lat' dir='ltr'>me·</span> 
     </span>
     <span class='ocr_line' id='line_1_7' title="bbox 109 710 1071 793; baseline -0.002 -15"><span class='ocrx_word' id='word_1_37' title='bbox 109 715 191 778; x_wconf 88' lang='lat' dir='ltr'>dioc.</span> <span class='ocrx_word' id='word_1_38' title='bbox 214 711 297 777; x_wconf 84' lang='lat' dir='ltr'>vol&#39;</span> <span class='ocrx_word' id='word_1_39' title='bbox 341 710 462 776; x_wconf 86' lang='lat' dir='ltr'>Verum</span> <span class='ocrx_word' id='word_1_40' title='bbox 485 731 580 793; x_wconf 91' lang='lat' dir='ltr'>quem</span> <span class='ocrx_word' id='word_1_41' title='bbox 611 717 897 776; x_wconf 83' lang='lat' dir='ltr'>commemoratum</span> <span class='ocrx_word' id='word_1_42' title='bbox 925 712 1071 776; x_wconf 84' lang='lat' dir='ltr'>videmus</span> 
     </span>
     <span class='ocr_line' id='line_1_8' title="bbox 107 794 1071 879; baseline -0.002 -19"><span class='ocrx_word' id='word_1_43' title='bbox 107 798 145 860; x_wconf 92' lang='lat' dir='ltr'>in</span> <span class='ocrx_word' id='word_1_44' title='bbox 166 800 275 860; x_wconf 88' lang='lat' dir='ltr'>vetere</span> <span class='ocrx_word' id='word_1_45' title='bbox 296 795 414 859; x_wconf 90' lang='lat' dir='ltr'>saeculi</span> <span class='ocrx_word' id='word_1_46' title='bbox 436 794 552 859; x_wconf 84' lang='lat' dir='ltr'>decimi</span> <span class='ocrx_word' id='word_1_47' title='bbox 573 795 721 879; x_wconf 84' lang='lat' dir='ltr'>catalogo</span> <span class='ocrx_word' id='word_1_48' title='bbox 745 794 899 859; x_wconf 88' lang='lat' dir='ltr'>Bobiensi</span> <span class='ocrx_word' id='word_1_49' title='bbox 913 795 1071 860; x_wconf 90' lang='lat' dir='ltr'>Draconti</span> 
     </span>
     <span class='ocr_line' id='line_1_9' title="bbox 102 878 1071 963; baseline -0.002 -19"><span class='ocrx_word' id='word_1_50' title='bbox 102 881 220 963; x_wconf 85' lang='lat' dir='ltr'>liber⁸)</span> <span class='ocrx_word' id='word_1_51' title='bbox 243 884 351 942; x_wconf 87' lang='lat' dir='ltr'>utrum</span> <span class='ocrx_word' id='word_1_52' title='bbox 372 882 484 943; x_wconf 85' lang='lat' dir='ltr'>nostra</span> <span class='ocrx_word' id='word_1_53' title='bbox 511 878 654 942; x_wconf 89' lang='lat' dir='ltr'>carmina</span> <span class='ocrx_word' id='word_1_54' title='bbox 680 879 877 943; x_wconf 87' lang='lat' dir='ltr'>continuerit</span> <span class='ocrx_word' id='word_1_55' title='bbox 898 902 940 943; x_wconf 92' lang='lat' dir='ltr'>an</span> <span class='ocrx_word' id='word_1_56' title='bbox 961 879 1071 943; x_wconf 89' lang='lat' dir='ltr'>laudes</span> 
     </span>
     <span class='ocr_line' id='line_1_10' title="bbox 102 961 1072 1044; baseline -0.001 -16"><span class='ocrx_word' id='word_1_57' title='bbox 102 964 168 1028; x_wconf 88' lang='lat' dir='ltr'>Dei</span> <span class='ocrx_word' id='word_1_58' title='bbox 182 968 215 1028; x_wconf 89' lang='lat' dir='ltr'>et</span> <span class='ocrx_word' id='word_1_59' title='bbox 230 963 488 1028; x_wconf 79' lang='lat' dir='ltr'>Satisfactionem</span> <span class='ocrx_word' id='word_1_60' title='bbox 502 999 544 1010; x_wconf 93' lang='lat'>-</span> <span class='ocrx_word' id='word_1_61' title='bbox 560 982 640 1044; x_wconf 91' lang='lat' dir='ltr'>quas</span> <span class='ocrx_word' id='word_1_62' title='bbox 652 961 748 1026; x_wconf 92' lang='lat' dir='ltr'>Bobii</span> <span class='ocrx_word' id='word_1_63' title='bbox 767 963 865 1027; x_wconf 88' lang='lat' dir='ltr'>fuisse</span> <span class='ocrx_word' id='word_1_64' title='bbox 883 967 1006 1028; x_wconf 88' lang='lat' dir='ltr'>certum</span> <span class='ocrx_word' id='word_1_65' title='bbox 1024 968 1072 1027; x_wconf 89' lang='lat' dir='ltr'>est</span> 
     </span>
     <span class='ocr_line' id='line_1_11' title="bbox 103 1045 1071 1130; baseline -0.002 -19"><span class='ocrx_word' id='word_1_66' title='bbox 103 1069 178 1112; x_wconf 90' lang='lat' dir='ltr'>cum</span> <span class='ocrx_word' id='word_1_67' title='bbox 200 1048 343 1110; x_wconf 88' lang='lat' dir='ltr'>imitatus</span> <span class='ocrx_word' id='word_1_68' title='bbox 366 1047 407 1110; x_wconf 90' lang='lat' dir='ltr'>sit</span> <span class='ocrx_word' id='word_1_69' title='bbox 429 1046 647 1112; x_wconf 82' lang='lat' dir='ltr'>Columbanus</span> <span class='ocrx_word' id='word_1_70' title='bbox 668 1045 703 1109; x_wconf 96' lang='lat' dir='ltr'>in</span> <span class='ocrx_word' id='word_1_71' title='bbox 726 1047 860 1130; x_wconf 90' lang='lat' dir='ltr'>epistola</span> <span class='ocrx_word' id='word_1_72' title='bbox 886 1046 926 1111; x_wconf 90' lang='lat' dir='ltr'>ad</span> <span class='ocrx_word' id='word_1_73' title='bbox 948 1046 1071 1111; x_wconf 90' lang='lat' dir='ltr'>Hunal-</span> 
     </span>
     <span class='ocr_line' id='line_1_12' title="bbox 104 1129 1070 1214; baseline 0 -20"><span class='ocrx_word' id='word_1_74' title='bbox 104 1131 274 1214; x_wconf 72' lang='grc'>11111119)-</span> <span class='ocrx_word' id='word_1_75' title='bbox 294 1129 355 1194; x_wconf 90' lang='lat' dir='ltr'>hac</span> <span class='ocrx_word' id='word_1_76' title='bbox 382 1130 420 1193; x_wconf 91' lang='lat' dir='ltr'>de</span> <span class='ocrx_word' id='word_1_77' title='bbox 448 1150 546 1193; x_wconf 90' lang='lat' dir='ltr'>rene</span> <span class='ocrx_word' id='word_1_78' title='bbox 569 1129 786 1194; x_wconf 90' lang='lat' dir='ltr'>coniecturam</span> <span class='ocrx_word' id='word_1_79' title='bbox 814 1130 944 1214; x_wconf 90' lang='lat' dir='ltr'>quidem</span> <span class='ocrx_word' id='word_1_80' title='bbox 965 1131 1070 1195; x_wconf 86' lang='lat' dir='ltr'>facere</span> 
     </span>
     <span class='ocr_line' id='line_1_13' title="bbox 102 1213 1070 1298; baseline 0 -20"><span class='ocrx_word' id='word_1_81' title='bbox 102 1215 225 1280; x_wconf 85' lang='lat' dir='ltr'>licebit.</span> <span class='ocrx_word' id='word_1_82' title='bbox 269 1214 493 1278; x_wconf 88' lang='lat' dir='ltr'>Pervetustum</span> <span class='ocrx_word' id='word_1_83' title='bbox 522 1233 598 1276; x_wconf 90' lang='lat' dir='ltr'>sane</span> <span class='ocrx_word' id='word_1_84' title='bbox 621 1216 653 1277; x_wconf 88' lang='grc'>11</span> <span class='ocrx_word' id='word_1_85' title='bbox 674 1213 746 1278; x_wconf 92' lang='lat' dir='ltr'>labe</span> <span class='ocrx_word' id='word_1_86' title='bbox 767 1215 887 1298; x_wconf 89' lang='lat' dir='ltr'>passim</span> <span class='ocrx_word' id='word_1_87' title='bbox 909 1214 1070 1279; x_wconf 83' lang='lat' dir='ltr'>adfectum</span> 
     </span>
     <span class='ocr_line' id='line_1_14' title="bbox 103 1295 1070 1380; baseline -0.002 -18"><span class='ocrx_word' id='word_1_88' title='bbox 103 1299 204 1362; x_wconf 87' lang='lat' dir='ltr'>fuisse</span> <span class='ocrx_word' id='word_1_89' title='bbox 232 1319 304 1362; x_wconf 90' lang='lat' dir='ltr'>eum</span> <span class='ocrx_word' id='word_1_90' title='bbox 332 1297 451 1361; x_wconf 90' lang='lat' dir='ltr'>librum</span> <span class='ocrx_word' id='word_1_91' title='bbox 474 1295 558 1360; x_wconf 88' lang='lat' dir='ltr'>unde</span> <span class='ocrx_word' id='word_1_92' title='bbox 584 1300 695 1360; x_wconf 89' lang='lat' dir='ltr'>noster</span> <span class='ocrx_word' id='word_1_93' title='bbox 716 1297 860 1380; x_wconf 85' lang='lat' dir='ltr'>fluxerit,</span> <span class='ocrx_word' id='word_1_94' title='bbox 883 1299 916 1361; x_wconf 91' lang='lat' dir='ltr'>id</span> <span class='ocrx_word' id='word_1_95' title='bbox 938 1299 1070 1362; x_wconf 89' lang='lat' dir='ltr'>minime</span> 
     </span>
     <span class='ocr_line' id='line_1_15' title="bbox 104 1380 1073 1464; baseline -0.001 -19"><span class='ocrx_word' id='word_1_96' title='bbox 104 1382 238 1445; x_wconf 91' lang='lat' dir='ltr'>dubium</span> <span class='ocrx_word' id='word_1_97' title='bbox 260 1381 322 1444; x_wconf 89' lang='lat' dir='ltr'>erit</span> <span class='ocrx_word' id='word_1_98' title='bbox 343 1381 373 1444; x_wconf 90' lang='grc'>11</span> <span class='ocrx_word' id='word_1_99' title='bbox 402 1381 466 1464; x_wconf 78' lang='lat' dir='ltr'>qui¹</span> <span class='ocrx_word' id='word_1_100' title='bbox 487 1380 618 1443; x_wconf 90' lang='lat' dir='ltr'>lacunas</span> <span class='ocrx_word' id='word_1_101' title='bbox 647 1380 682 1443; x_wconf 92' lang='lat' dir='ltr'>in</span> <span class='ocrx_word' id='word_1_102' title='bbox 709 1380 802 1444; x_wconf 89' lang='lat' dir='ltr'>initio</span> <span class='ocrx_word' id='word_1_103' title='bbox 831 1382 883 1445; x_wconf 87' lang='lat' dir='ltr'>vel</span> <span class='ocrx_word' id='word_1_104' title='bbox 910 1383 975 1444; x_wconf 91' lang='lat' dir='ltr'>fine</span> <span class='ocrx_word' id='word_1_105' title='bbox 1005 1403 1073 1444; x_wconf 87' lang='lat' dir='ltr'>ver·</span> 
     </span>
     <span class='ocr_line' id='line_1_16' title="bbox 104 1463 1072 1548; baseline 0 -20"><span class='ocrx_word' id='word_1_106' title='bbox 104 1487 200 1529; x_wconf 89' lang='lat' dir='ltr'>suum</span> <span class='ocrx_word' id='word_1_107' title='bbox 228 1465 354 1548; x_wconf 88' lang='lat' dir='ltr'>saepius</span> <span class='ocrx_word' id='word_1_108' title='bbox 375 1465 523 1528; x_wconf 84' lang='lat' dir='ltr'>inventas</span> <span class='ocrx_word' id='word_1_109' title='bbox 546 1463 810 1529; x_wconf 80' lang='lat' dir='ltr'>consideraverit:</span> <span class='ocrx_word' id='word_1_110' title='bbox 841 1464 878 1527; x_wconf 91' lang='lat' dir='ltr'>de</span> <span class='ocrx_word' id='word_1_111' title='bbox 901 1465 972 1548; x_wconf 91' lang='lat' dir='ltr'>ipso</span> <span class='ocrx_word' id='word_1_112' title='bbox 996 1485 1072 1528; x_wconf 84' lang='lat' dir='ltr'>vero</span> 
     </span>
     <span class='ocr_line' id='line_1_17' title="bbox 104 1547 1072 1632; baseline -0.001 -19"><span class='ocrx_word' id='word_1_113' title='bbox 104 1550 279 1632; x_wconf 82' lang='lat' dir='ltr'>archetypo</span> <span class='ocrx_word' id='word_1_114' title='bbox 296 1548 390 1632; x_wconf 90' lang='lat' dir='ltr'>quale</span> <span class='ocrx_word' id='word_1_115' title='bbox 411 1547 510 1612; x_wconf 86' lang='lat' dir='ltr'>fuerit</span> <span class='ocrx_word' id='word_1_116' title='bbox 524 1548 603 1611; x_wconf 90' lang='lat' dir='ltr'>certi</span> <span class='ocrx_word' id='word_1_117' title='bbox 618 1547 793 1631; x_wconf 91' lang='lat' dir='ltr'>quidquam</span> <span class='ocrx_word' id='word_1_118' title='bbox 814 1547 998 1632; x_wconf 85' lang='lat' dir='ltr'>proferendi</span> <span class='ocrx_word' id='word_1_119' title='bbox 1020 1569 1072 1612; x_wconf 92' lang='lat' dir='ltr'>co·</span> 
     </span>
     <span class='ocr_line' id='line_1_18' title="bbox 103 1631 1070 1717; baseline -0.002 -20"><span class='ocrx_word' id='word_1_120' title='bbox 103 1635 160 1717; x_wconf 90' lang='lat' dir='ltr'>pia</span> <span class='ocrx_word' id='word_1_121' title='bbox 180 1653 268 1697; x_wconf 92' lang='lat' dir='ltr'>nunc</span> <span class='ocrx_word' id='word_1_122' title='bbox 290 1631 419 1716; x_wconf 89' lang='lat' dir='ltr'>quidem</span> <span class='ocrx_word' id='word_1_123' title='bbox 441 1631 515 1695; x_wconf 87' lang='lat' dir='ltr'>data</span> <span class='ocrx_word' id='word_1_124' title='bbox 535 1652 603 1695; x_wconf 89' lang='lat' dir='ltr'>non</span> <span class='ocrx_word' id='word_1_125' title='bbox 625 1635 682 1714; x_wconf 87' lang='lat' dir='ltr'>est,</span> <span class='ocrx_word' id='word_1_126' title='bbox 705 1653 810 1715; x_wconf 89' lang='lat' dir='ltr'>neque</span> <span class='ocrx_word' id='word_1_127' title='bbox 831 1635 941 1696; x_wconf 89' lang='lat' dir='ltr'>tamen</span> <span class='ocrx_word' id='word_1_128' title='bbox 964 1633 1070 1696; x_wconf 88' lang='lat' dir='ltr'>omnis</span> 
     </span>
     <span class='ocr_line' id='line_1_19' title="bbox 101 1714 1070 1801; baseline -0.002 -21"><span class='ocrx_word' id='word_1_129' title='bbox 101 1739 174 1801; x_wconf 88' lang='lat' dir='ltr'>spes</span> <span class='ocrx_word' id='word_1_130' title='bbox 197 1715 365 1780; x_wconf 89' lang='lat' dir='ltr'>abicienda</span> <span class='ocrx_word' id='word_1_131' title='bbox 385 1715 512 1779; x_wconf 86' lang='lat' dir='ltr'>videtur</span> <span class='ocrx_word' id='word_1_132' title='bbox 533 1714 603 1779; x_wconf 85' lang='lat' dir='ltr'>fore</span> <span class='ocrx_word' id='word_1_133' title='bbox 625 1720 662 1779; x_wconf 90' lang='grc'>111</span> <span class='ocrx_word' id='word_1_134' title='bbox 683 1715 792 1799; x_wconf 90' lang='lat' dir='ltr'>aliquo</span> <span class='ocrx_word' id='word_1_135' title='bbox 815 1717 850 1780; x_wconf 88' lang='grc'>111</span> <span class='ocrx_word' id='word_1_136' title='bbox 872 1717 992 1801; x_wconf 81' lang='lat' dir='ltr'>angulo</span> <span class='ocrx_word' id='word_1_137' title='bbox 1007 1715 1070 1779; x_wconf 88' lang='lat' dir='ltr'>lta·</span> 
     </span>
     <span class='ocr_line' id='line_1_20' title="bbox 100 1797 1069 1882; baseline -0.004 -17"><span class='ocrx_word' id='word_1_138' title='bbox 100 1802 166 1866; x_wconf 90' lang='lat' dir='ltr'>liae</span> <span class='ocrx_word' id='word_1_139' title='bbox 188 1804 245 1864; x_wconf 89' lang='lat' dir='ltr'>aut</span> <span class='ocrx_word' id='word_1_140' title='bbox 266 1799 345 1864; x_wconf 91' lang='lat' dir='ltr'>adeo</span> <span class='ocrx_word' id='word_1_141' title='bbox 367 1800 403 1863; x_wconf 91' lang='lat' dir='ltr'>in</span> <span class='ocrx_word' id='word_1_142' title='bbox 424 1799 549 1864; x_wconf 90' lang='lat' dir='ltr'>scriniis</span> <span class='ocrx_word' id='word_1_143' title='bbox 565 1797 732 1864; x_wconf 75' lang='lat' dir='ltr'>Vaticanis</span> <span class='ocrx_word' id='word_1_144' title='bbox 753 1800 860 1882; x_wconf 90' lang='lat' dir='ltr'>ipsum</span> <span class='ocrx_word' id='word_1_145' title='bbox 881 1800 1069 1882; x_wconf 85' lang='lat' dir='ltr'>reperiatur.</span> 
     </span>
    </p>

    <p class='ocr_par' dir='ltr' id='par_1_3' title="bbox 100 1881 1071 2804">
     <span class='ocr_line' id='line_1_21' title="bbox 171 1881 1071 1949; baseline -0.002 -1"><span class='ocrx_word' id='word_1_146' title='bbox 171 1883 219 1949; x_wconf 88' lang='lat' dir='ltr'>Ut</span> <span class='ocrx_word' id='word_1_147' title='bbox 246 1905 332 1948; x_wconf 89' lang='lat' dir='ltr'>nunc</span> <span class='ocrx_word' id='word_1_148' title='bbox 362 1884 489 1947; x_wconf 90' lang='lat' dir='ltr'>demum</span> <span class='ocrx_word' id='word_1_149' title='bbox 516 1881 712 1948; x_wconf 73' lang='lat' dir='ltr'>Dracontius</span> <span class='ocrx_word' id='word_1_150' title='bbox 740 1884 775 1947; x_wconf 91' lang='lat' dir='ltr'>in</span> <span class='ocrx_word' id='word_1_151' title='bbox 802 1885 906 1948; x_wconf 89' lang='lat' dir='ltr'>lucem</span> <span class='ocrx_word' id='word_1_152' title='bbox 959 1882 1071 1947; x_wconf 89' lang='lat' dir='ltr'>rodeat</span> 
     </span>
     <span class='ocr_line' id='line_1_22' title="bbox 100 1967 1070 2052; baseline -0.003 -19"><span class='ocrx_word' id='word_1_153' title='bbox 100 1970 185 2034; x_wconf 90' lang='lat' dir='ltr'>miro</span> <span class='ocrx_word' id='word_1_154' title='bbox 208 1990 282 2033; x_wconf 90' lang='lat' dir='ltr'>casu</span> <span class='ocrx_word' id='word_1_155' title='bbox 304 1968 424 2032; x_wconf 85' lang='lat' dir='ltr'>factum</span> <span class='ocrx_word' id='word_1_156' title='bbox 447 1971 510 2031; x_wconf 88' lang='lat' dir='ltr'>est:</span> <span class='ocrx_word' id='word_1_157' title='bbox 533 1988 637 2050; x_wconf 91' lang='lat' dir='ltr'>neque</span> <span class='ocrx_word' id='word_1_158' title='bbox 659 1969 764 2031; x_wconf 93' lang='lat' dir='ltr'>solum</span> <span class='ocrx_word' id='word_1_159' title='bbox 779 1969 898 2052; x_wconf 86' lang='lat' dir='ltr'>Angeli</span> <span class='ocrx_word' id='word_1_160' title='bbox 948 1967 979 2031; x_wconf 90' lang='lat' dir='ltr'>ai</span> <span class='ocrx_word' id='word_1_161' title='bbox 995 1988 1070 2031; x_wconf 90' lang='lat' dir='ltr'>cura</span> 
     </span>
     <span class='ocr_line' id='line_1_23' title="bbox 100 2050 1069 2138; baseline -0.005 -20"><span class='ocrx_word' id='word_1_162' title='bbox 100 2058 214 2138; x_wconf 89' lang='lat' dir='ltr'>raptus</span> <span class='ocrx_word' id='word_1_163' title='bbox 227 2052 370 2117; x_wconf 86' lang='lat' dir='ltr'>Helenae</span> <span class='ocrx_word' id='word_1_164' title='bbox 392 2055 467 2116; x_wconf 92' lang='lat' dir='ltr'>ante</span> <span class='ocrx_word' id='word_1_165' title='bbox 490 2050 703 2134; x_wconf 70' lang='lat' dir='ltr'>quadraginta</span> <span class='ocrx_word' id='word_1_166' title='bbox 724 2051 792 2116; x_wconf 88' lang='lat' dir='ltr'>fere</span> <span class='ocrx_word' id='word_1_167' title='bbox 814 2073 916 2116; x_wconf 90' lang='lat' dir='ltr'>annos</span> <span class='ocrx_word' id='word_1_168' title='bbox 938 2054 1069 2134; x_wconf 88' lang='lat' dir='ltr'>paratus</span> 
     </span>
     <span class='ocr_line' id='line_1_24' title="bbox 102 2134 1067 2220; baseline -0.006 -18"><span class='ocrx_word' id='word_1_169' title='bbox 102 2143 173 2202; x_wconf 88' lang='lat' dir='ltr'>erat</span> <span class='ocrx_word' id='word_1_170' title='bbox 194 2137 250 2220; x_wconf 91' lang='lat' dir='ltr'>qui</span> <span class='ocrx_word' id='word_1_171' title='bbox 265 2135 421 2219; x_wconf 80' lang='lat' dir='ltr'>ederetur,</span> <span class='ocrx_word' id='word_1_172' title='bbox 446 2134 502 2199; x_wconf 90' lang='lat' dir='ltr'>sed</span> <span class='ocrx_word' id='word_1_173' title='bbox 524 2135 588 2199; x_wconf 91' lang='lat' dir='ltr'>iam</span> <span class='ocrx_word' id='word_1_174' title='bbox 611 2157 696 2199; x_wconf 89' lang='lat' dir='ltr'>anno</span> <span class='ocrx_word' id='word_1_175' title='bbox 711 2136 808 2199; x_wconf 92' lang='lat' dir='ltr'>huius</span> <span class='ocrx_word' id='word_1_176' title='bbox 831 2135 949 2200; x_wconf 92' lang='lat' dir='ltr'>saeculi</span> <span class='ocrx_word' id='word_1_177' title='bbox 970 2135 1067 2198; x_wconf 85' lang='lat' dir='ltr'>tertio</span> 
     </span>
     <span class='ocr_line' id='line_1_25' title="bbox 102 2216 1067 2286; baseline -0.005 -1"><span class='ocrx_word' id='word_1_178' title='bbox 102 2222 227 2286; x_wconf 88' lang='lat' dir='ltr'>decimo</span> <span class='ocrx_word' id='word_1_179' title='bbox 251 2219 401 2285; x_wconf 83' lang='lat' dir='ltr'>Cataldus</span> <span class='ocrx_word' id='word_1_180' title='bbox 422 2218 560 2286; x_wconf 88' lang='lat' dir='ltr'>Iannelli</span> <span class='ocrx_word' id='word_1_181' title='bbox 576 2217 725 2282; x_wconf 82' lang='lat' dir='ltr'>Helenae</span> <span class='ocrx_word' id='word_1_182' title='bbox 748 2224 779 2282; x_wconf 88' lang='grc'>11</span> <span class='ocrx_word' id='word_1_183' title='bbox 802 2219 934 2282; x_wconf 91' lang='lat' dir='ltr'>Medeae</span> <span class='ocrx_word' id='word_1_184' title='bbox 957 2216 1067 2281; x_wconf 85' lang='lat' dir='ltr'>editio-</span> 
     </span>
     <span class='ocr_line' id='line_1_26' title="bbox 100 2300 1068 2387; baseline -0.006 -17"><span class='ocrx_word' id='word_1_185' title='bbox 100 2327 179 2370; x_wconf 90' lang='lat' dir='ltr'>nem</span> <span class='ocrx_word' id='word_1_186' title='bbox 201 2304 331 2368; x_wconf 89' lang='lat' dir='ltr'>molitus</span> <span class='ocrx_word' id='word_1_187' title='bbox 360 2308 444 2387; x_wconf 84' lang='lat' dir='ltr'>erat,</span> <span class='ocrx_word' id='word_1_188' title='bbox 468 2303 557 2367; x_wconf 91' lang='lat' dir='ltr'>cuius</span> <span class='ocrx_word' id='word_1_189' title='bbox 587 2302 763 2366; x_wconf 92' lang='lat' dir='ltr'>nonnullae</span> <span class='ocrx_word' id='word_1_190' title='bbox 792 2301 942 2386; x_wconf 83' lang='lat' dir='ltr'>plagulae</span> <span class='ocrx_word' id='word_1_191' title='bbox 971 2300 1068 2364; x_wconf 85' lang='lat' dir='ltr'>etiam</span> 
     </span>
     <span class='ocr_line' id='line_1_27' title="bbox 101 2383 1068 2473; baseline -0.009 -19"><span class='ocrx_word' id='word_1_192' title='bbox 101 2390 191 2473; x_wconf 87' lang='lat' dir='ltr'>typis</span> <span class='ocrx_word' id='word_1_193' title='bbox 213 2392 289 2452; x_wconf 87' lang='lat' dir='ltr'>sunt</span> <span class='ocrx_word' id='word_1_194' title='bbox 310 2409 453 2471; x_wconf 82' lang='lat' dir='ltr'>excusae,</span> <span class='ocrx_word' id='word_1_195' title='bbox 476 2386 592 2470; x_wconf 90' lang='lat' dir='ltr'>quibus</span> <span class='ocrx_word' id='word_1_196' title='bbox 614 2387 759 2470; x_wconf 84' lang='lat' dir='ltr'>Angelus</span> <span class='ocrx_word' id='word_1_197' title='bbox 781 2385 896 2467; x_wconf 83' lang='lat' dir='ltr'>Maius,</span> <span class='ocrx_word' id='word_1_198' title='bbox 925 2383 1000 2446; x_wconf 89' lang='lat' dir='ltr'>dum</span> <span class='ocrx_word' id='word_1_199' title='bbox 1023 2384 1068 2446; x_wconf 89' lang='lat' dir='ltr'>vi-</span> 
     </span>
     <span class='ocr_line' id='line_1_28' title="bbox 101 2471 1070 2620; baseline -0.005 -1"><span class='ocrx_word' id='word_1_200' title='bbox 101 2475 161 2620; x_wconf 70' lang='grc'>11</span> <span class='ocrx_word' id='word_1_201' title='bbox 162 2471 847 2620; x_wconf 49' lang='grc'>1111111111111111111111111</span> <span class='ocrx_word' id='word_1_202' title='bbox 858 2472 1070 2616; x_wconf 56' lang='lat' dir='ltr'>stitit</span> 
     </span>
     <span class='ocr_line' id='line_1_29' title="bbox 103 2635 1071 2720; baseline -0.008 -16"><span class='ocrx_word' id='word_1_203' title='bbox 103 2639 300 2704; x_wconf 85' lang='lat' dir='ltr'>Andresium</span> <span class='ocrx_word' id='word_1_204' title='bbox 326 2639 541 2703; x_wconf 88' lang='lat' dir='ltr'>bibliothecae</span> <span class='ocrx_word' id='word_1_205' title='bbox 569 2637 676 2720; x_wconf 80' lang='lat' dir='ltr'>regiae</span> <span class='ocrx_word' id='word_1_206' title='bbox 707 2637 905 2718; x_wconf 88' lang='lat' dir='ltr'>praefectum</span> <span class='ocrx_word' id='word_1_207' title='bbox 932 2635 1071 2698; x_wconf 89' lang='lat' dir='ltr'>Iannelli</span> 
     </span>
     <span class='ocr_line' id='line_1_30' title="bbox 102 2716 1070 2804; baseline -0.009 -16"><span class='ocrx_word' id='word_1_208' title='bbox 102 2723 187 2788; x_wconf 89' lang='lat' dir='ltr'>adici</span> <span class='ocrx_word' id='word_1_209' title='bbox 202 2723 306 2786; x_wconf 87' lang='lat' dir='ltr'>uoluit</span> <span class='ocrx_word' id='word_1_210' title='bbox 326 2723 517 2804; x_wconf 87' lang='lat' dir='ltr'>scripsitque</span> <span class='ocrx_word' id='word_1_211' title='bbox 533 2720 789 2784; x_wconf 86' lang='lat' dir='ltr'>dissertationem</span> <span class='ocrx_word' id='word_1_212' title='bbox 804 2718 842 2783; x_wconf 92' lang='lat' dir='ltr'>de</span> <span class='ocrx_word' id='word_1_213' title='bbox 860 2719 973 2783; x_wconf 87' lang='lat' dir='ltr'>ceteris</span> <span class='ocrx_word' id='word_1_214' title='bbox 990 2716 1070 2780; x_wconf 90' lang='lat' dir='ltr'>Dra-</span> 
     </span>
    </p>
   </div>
   <div class='ocr_carea' id='block_1_3' title="bbox 41 2838 1070 3574">
    <p class='ocr_par' dir='ltr' id='par_1_4' title="bbox 41 2838 1069 3172">
     <span class='ocr_line' id='line_1_31' title="bbox 100 2838 1069 2906; baseline -0.005 -14"><span class='ocrx_word' id='word_1_215' title='bbox 100 2848 130 2892; x_wconf 91' lang='lat' dir='ltr'>in</span> <span class='ocrx_word' id='word_1_216' title='bbox 151 2841 325 2905; x_wconf 84' lang='lat' dir='ltr'>praefatione</span> <span class='ocrx_word' id='word_1_217' title='bbox 344 2858 371 2906; x_wconf 89' lang='lat' dir='ltr'>p.</span> <span class='ocrx_word' id='word_1_218' title='bbox 382 2841 440 2906; x_wconf 79' lang='lat'>24):</span> <span class='ocrx_word' id='word_1_219' title='bbox 458 2840 527 2890; x_wconf 84' lang='lat' dir='ltr'>‘Hic</span> <span class='ocrx_word' id='word_1_220' title='bbox 539 2841 617 2891; x_wconf 82' lang='lat' dir='ltr'>Bobii</span> <span class='ocrx_word' id='word_1_221' title='bbox 634 2842 787 2890; x_wconf 78' lang='grc'>1111111494</span> <span class='ocrx_word' id='word_1_222' title='bbox 804 2839 992 2890; x_wconf 88' lang='lat' dir='ltr'>huiuscemodi</span> <span class='ocrx_word' id='word_1_223' title='bbox 1004 2838 1069 2888; x_wconf 90' lang='lat' dir='ltr'>libri</span> 
     </span>
     <span class='ocr_line' id='line_1_32' title="bbox 41 2905 1068 2974; baseline -0.009 -13"><span class='ocrx_word' id='word_1_224' title='bbox 41 2929 44 2932; x_wconf 94' lang='lat'>·</span> <span class='ocrx_word' id='word_1_225' title='bbox 100 2910 207 2974; x_wconf 86' lang='lat' dir='ltr'>reperti</span> <span class='ocrx_word' id='word_1_226' title='bbox 225 2913 298 2970; x_wconf 84' lang='lat' dir='ltr'>sunt,</span> <span class='ocrx_word' id='word_1_227' title='bbox 317 2908 439 2957; x_wconf 89' lang='lat' dir='ltr'>Rutilius</span> <span class='ocrx_word' id='word_1_228' title='bbox 457 2909 658 2958; x_wconf 85' lang='lat' dir='ltr'>Naumatianus</span> <span class='ocrx_word' id='word_1_229' title='bbox 676 2933 709 2942; x_wconf 95' lang='lat'>-</span> <span class='ocrx_word' id='word_1_230' title='bbox 727 2908 866 2957; x_wconf 88' lang='lat' dir='ltr'>heroicum</span> <span class='ocrx_word' id='word_1_231' title='bbox 880 2905 992 2970; x_wconf 88' lang='lat' dir='ltr'>Sulpitii</span> <span class='ocrx_word' id='word_1_232' title='bbox 1009 2920 1068 2954; x_wconf 89' lang='lat' dir='ltr'>car·</span> 
     </span>
     <span class='ocr_line' id='line_1_33' title="bbox 100 2974 1069 3040; baseline -0.008 -12"><span class='ocrx_word' id='word_1_233' title='bbox 100 2991 180 3038; x_wconf 86' lang='lat' dir='ltr'>men,</span> <span class='ocrx_word' id='word_1_234' title='bbox 203 2977 367 3025; x_wconf 84' lang='lat' dir='ltr'>Draconti</span> <span class='ocrx_word' id='word_1_235' title='bbox 389 2976 517 3024; x_wconf 86' lang='lat' dir='ltr'>varium</span> <span class='ocrx_word' id='word_1_236' title='bbox 541 2989 637 3040; x_wconf 83' lang='lat' dir='ltr'>opus,</span> <span class='ocrx_word' id='word_1_237' title='bbox 654 2975 799 3026; x_wconf 87' lang='lat' dir='ltr'>Prudentii</span> <span class='ocrx_word' id='word_1_238' title='bbox 816 2974 909 3037; x_wconf 87' lang='lat' dir='ltr'>hymni</span> <span class='ocrx_word' id='word_1_239' title='bbox 928 2989 982 3038; x_wconf 85' lang='lat' dir='ltr'>eqs.</span> <span class='ocrx_word' id='word_1_240' title='bbox 1003 2986 1069 3034; x_wconf 89' lang='lat' dir='ltr'>quo-</span> 
     </span>
     <span class='ocr_line' id='line_1_34' title="bbox 100 3039 1069 3108; baseline -0.005 -15"><span class='ocrx_word' id='word_1_241' title='bbox 100 3059 162 3094; x_wconf 88' lang='lat' dir='ltr'>rum</span> <span class='ocrx_word' id='word_1_242' title='bbox 184 3043 257 3093; x_wconf 86' lang='lat' dir='ltr'>bona</span> <span class='ocrx_word' id='word_1_243' title='bbox 279 3057 342 3108; x_wconf 82' lang='lat' dir='ltr'>pars</span> <span class='ocrx_word' id='word_1_244' title='bbox 364 3041 408 3092; x_wconf 88' lang='lat' dir='ltr'>his</span> <span class='ocrx_word' id='word_1_245' title='bbox 431 3041 511 3090; x_wconf 86' lang='lat' dir='ltr'>annis</span> <span class='ocrx_word' id='word_1_246' title='bbox 529 3041 659 3107; x_wconf 84' lang='lat' dir='ltr'>proximis</span> <span class='ocrx_word' id='word_1_247' title='bbox 684 3057 700 3090; x_wconf 82' lang='lat' dir='ltr'>a</span> <span class='ocrx_word' id='word_1_248' title='bbox 722 3057 782 3091; x_wconf 91' lang='lat' dir='ltr'>meo</span> <span class='ocrx_word' id='word_1_249' title='bbox 803 3040 940 3104; x_wconf 87' lang='lat' dir='ltr'>municipe</span> <span class='ocrx_word' id='word_1_250' title='bbox 965 3039 1069 3088; x_wconf 84' lang='lat' dir='ltr'>Thema</span> 
     </span>
     <span class='ocr_line' id='line_1_35' title="bbox 99 3107 1051 3172; baseline -0.008 -11"><span class='ocrx_word' id='word_1_251' title='bbox 99 3109 230 3162; x_wconf 82' lang='lat' dir='ltr'>Phaedro</span> <span class='ocrx_word' id='word_1_252' title='bbox 248 3111 381 3158; x_wconf 83' lang='lat' dir='ltr'>bonarum</span> <span class='ocrx_word' id='word_1_253' title='bbox 401 3108 499 3157; x_wconf 86' lang='lat' dir='ltr'>artium</span> <span class='ocrx_word' id='word_1_254' title='bbox 517 3109 673 3172; x_wconf 80' lang='lat' dir='ltr'>professore</span> <span class='ocrx_word' id='word_1_255' title='bbox 692 3114 736 3158; x_wconf 85' lang='lat' dir='ltr'>est</span> <span class='ocrx_word' id='word_1_256' title='bbox 754 3108 872 3157; x_wconf 86' lang='lat' dir='ltr'>advecta</span> <span class='ocrx_word' id='word_1_257' title='bbox 889 3107 918 3156; x_wconf 92' lang='lat' dir='ltr'>in</span> <span class='ocrx_word' id='word_1_258' title='bbox 931 3107 1051 3156; x_wconf 90' lang='lat' dir='ltr'>Urbem’.</span> 
     </span>
    </p>

    <p class='ocr_par' dir='ltr' id='par_1_5' title="bbox 102 3171 1070 3306">
     <span class='ocr_line' id='line_1_36' title="bbox 173 3171 1070 3239; baseline -0.004 -13"><span class='ocrx_word' id='word_1_259' title='bbox 173 3177 198 3237; x_wconf 79' lang='lat'>7)</span> <span class='ocrx_word' id='word_1_260' title='bbox 218 3191 297 3239; x_wconf 89' lang='lat' dir='ltr'>quem</span> <span class='ocrx_word' id='word_1_261' title='bbox 320 3175 408 3225; x_wconf 84' lang='lat' dir='ltr'>edidit</span> <span class='ocrx_word' id='word_1_262' title='bbox 425 3177 533 3239; x_wconf 84' lang='lat' dir='ltr'>Peyron</span> <span class='ocrx_word' id='word_1_263' title='bbox 558 3180 622 3224; x_wconf 86' lang='lat' dir='ltr'>ante</span> <span class='ocrx_word' id='word_1_264' title='bbox 641 3174 781 3225; x_wconf 84' lang='lat' dir='ltr'>Ciceronis</span> <span class='ocrx_word' id='word_1_265' title='bbox 810 3175 965 3224; x_wconf 87' lang='lat' dir='ltr'>orationum</span> <span class='ocrx_word' id='word_1_266' title='bbox 993 3171 1070 3234; x_wconf 81' lang='lat' dir='ltr'>frag·</span> 
     </span>
     <span class='ocr_line' id='line_1_37' title="bbox 102 3239 1069 3306; baseline -0.006 -12"><span class='ocrx_word' id='word_1_267' title='bbox 102 3248 201 3294; x_wconf 87' lang='lat' dir='ltr'>menta</span> <span class='ocrx_word' id='word_1_268' title='bbox 218 3242 332 3296; x_wconf 84' lang='lat' dir='ltr'>inedita.</span> <span class='ocrx_word' id='word_1_269' title='bbox 346 3241 500 3306; x_wconf 72' lang='lat' dir='ltr'>stuttgard.</span> <span class='ocrx_word' id='word_1_270' title='bbox 520 3247 549 3292; x_wconf 88' lang='lat' dir='ltr'>et</span> <span class='ocrx_word' id='word_1_271' title='bbox 563 3242 680 3306; x_wconf 82' lang='lat' dir='ltr'>Tubing.</span> <span class='ocrx_word' id='word_1_272' title='bbox 693 3239 910 3291; x_wconf 84' lang='lat' dir='ltr'>MDCCOXXIV</span> <span class='ocrx_word' id='word_1_273' title='bbox 924 3257 949 3304; x_wconf 90' lang='lat' dir='ltr'>p.</span> <span class='ocrx_word' id='word_1_274' title='bbox 966 3241 999 3288; x_wconf 82' lang='lat'>45</span> <span class='ocrx_word' id='word_1_275' title='bbox 1013 3240 1069 3288; x_wconf 74' lang='grc'>161.</span> 
     </span>
    </p>

    <p class='ocr_par' dir='ltr' id='par_1_6' title="bbox 99 3305 1070 3429">
     <span class='ocr_line' id='line_1_38' title="bbox 172 3305 1070 3384; baseline -0.007 -25"><span class='ocrx_word' id='word_1_276' title='bbox 172 3309 199 3373; x_wconf 90' lang='grc'>8)</span> <span class='ocrx_word' id='word_1_277' title='bbox 219 3309 292 3384; x_wconf 86' lang='lat' dir='ltr'>apud</span> <span class='ocrx_word' id='word_1_278' title='bbox 313 3309 494 3359; x_wconf 83' lang='lat' dir='ltr'>Muratorium</span> <span class='ocrx_word' id='word_1_279' title='bbox 513 3311 617 3374; x_wconf 82' lang='lat' dir='ltr'>antiqq.</span> <span class='ocrx_word' id='word_1_280' title='bbox 636 3308 706 3359; x_wconf 86' lang='lat' dir='ltr'>med.</span> <span class='ocrx_word' id='word_1_281' title='bbox 725 3324 786 3359; x_wconf 85' lang='lat' dir='ltr'>aev.</span> <span class='ocrx_word' id='word_1_282' title='bbox 804 3308 847 3359; x_wconf 92' lang='lat' dir='ltr'>III</span> <span class='ocrx_word' id='word_1_283' title='bbox 864 3323 890 3372; x_wconf 92' lang='lat' dir='ltr'>p.</span> <span class='ocrx_word' id='word_1_284' title='bbox 909 3306 1003 3356; x_wconf 78' lang='lat' dir='ltr'><strong>820D:</strong></span> <span class='ocrx_word' id='word_1_285' title='bbox 1022 3305 1070 3354; x_wconf 76' lang='lat' dir='ltr'>‘li-</span> 
     </span>
     <span class='ocr_line' id='line_1_39' title="bbox 99 3376 399 3429; baseline -0.013 0"><span class='ocrx_word' id='word_1_286' title='bbox 99 3380 184 3429; x_wconf 86' lang='lat' dir='ltr'>brum</span> <span class='ocrx_word' id='word_1_287' title='bbox 201 3376 347 3426; x_wconf 85' lang='lat' dir='ltr'>Dracontii</span> <span class='ocrx_word' id='word_1_288' title='bbox 364 3376 399 3425; x_wconf 75' lang='lat'>1⁹.</span> 
     </span>
    </p>

    <p class='ocr_par' dir='ltr' id='par_1_7' title="bbox 100 3440 1066 3574">
     <span class='ocr_line' id='line_1_40' title="bbox 173 3440 1066 3508; baseline -0.006 -15"><span class='ocrx_word' id='word_1_289' title='bbox 173 3443 200 3506; x_wconf 88' lang='grc'>9)</span> <span class='ocrx_word' id='word_1_290' title='bbox 221 3443 293 3507; x_wconf 88' lang='lat' dir='ltr'>apud</span> <span class='ocrx_word' id='word_1_291' title='bbox 315 3445 407 3508; x_wconf 78' lang='lat' dir='ltr'>Migne</span> <span class='ocrx_word' id='word_1_292' title='bbox 429 3443 534 3493; x_wconf 86' lang='lat' dir='ltr'>Patrol.</span> <span class='ocrx_word' id='word_1_293' title='bbox 554 3444 616 3498; x_wconf 84' lang='lat' dir='ltr'>Lat.</span> <span class='ocrx_word' id='word_1_294' title='bbox 635 3441 738 3492; x_wconf 86' lang='lat' dir='ltr'>LXXX</span> <span class='ocrx_word' id='word_1_295' title='bbox 761 3459 786 3508; x_wconf 90' lang='lat' dir='ltr'>p.</span> <span class='ocrx_word' id='word_1_296' title='bbox 805 3442 863 3492; x_wconf 79' lang='lat'>286.</span> <span class='ocrx_word' id='word_1_297' title='bbox 895 3440 1021 3504; x_wconf 88' lang='lat' dir='ltr'>inprimis</span> <span class='ocrx_word' id='word_1_298' title='bbox 1040 3455 1066 3488; x_wconf 89' lang='lat' dir='ltr'>v.</span> 
     </span>
     <span class='ocr_line' id='line_1_41' title="bbox 100 3513 346 3574; baseline -0.008 -13"><span class='ocrx_word' id='word_1_299' title='bbox 100 3515 136 3562; x_wconf 79' lang='lat'>53</span> <span class='ocrx_word' id='word_1_300' title='bbox 155 3525 216 3574; x_wconf 88' lang='lat' dir='ltr'>sqq.</span> <span class='ocrx_word' id='word_1_301' title='bbox 236 3513 268 3561; x_wconf 85' lang='grc'>’19</span> <span class='ocrx_word' id='word_1_302' title='bbox 287 3525 346 3574; x_wconf 85' lang='lat' dir='ltr'>sqq.</span> 
     </span>
    </p>
   </div>
   <div class='ocr_carea' id='block_1_4' title="bbox 0 0 1242 3886">
    <p class='ocr_par' dir='ltr' id='par_1_8' title="bbox 0 0 1242 3886">
     <span class='ocr_line' id='line_1_42' title="bbox 0 0 1242 3886; baseline 0 2"><span class='ocrx_word' id='word_1_303' title='bbox 0 0 1242 3886; x_wconf 95' lang='lat' dir='ltr'> </span> 
     </span>
    </p>
   </div>
  </div>
 </body>
</html>
