2474 3886
159 225 201 289 04
577 224 706 276 Munna

223 375 331 440 Offero
347 373 519 459 sacrilegos
533 377 646 439 nostro
663 373 701 436 de
717 393 772 437 cor
796 393 850 437 010
866 372 992 450 fructus

159 471 209 521 430
220 459 271 526 Ne
285 458 390 544 prosit
402 479 550 542 peccasse
564 457 675 522 mihi’
704 457 750 520 sic
764 395 833 520 lita
848 457 995 522 sacerdos

225 543 391 629 suspexit:
414 546 549 606 tonuere
564 541 648 626 poli,
663 562 723 605 nec
738 540 832 605 Luna
842 541 970 606 uidetur

225 628 277 693 Sic
292 633 403 693 tauros
418 647 555 712 urguere
570 647 644 689 suos
660 626 715 689 sed
730 626 875 690 cursibus
890 629 976 690 astra

223 712 239 777 Ι
263 713 341 776 nitis
355 732 511 794 responsa
526 710 654 774 dabant
685 710 798 794 gauisa
812 710 958 774 sacerdos

257 797 333 862 ertit
347 794 387 860 ad
401 795 565 859 infernum
580 793 719 879 gemitus
734 814 907 878 regemque
921 794 1067 858 barathri

160 893 210 942 435
225 881 343 946 Secura
357 881 422 943 iam
436 900 516 943 uoce
532 878 595 943 ciet
609 877 786 961 Furiosque
801 883 964 962 precatur:

117 1029 120 1034 ,
223 965 309 1030 ‘Iam
323 965 376 1047 pie
391 985 447 1026 rex
462 962 560 1026 Erebi
576 962 631 1046 qui
646 962 850 1026 formidabile
864 983 1002 1048 regnum

224 1047 339 1113 Mortis
351 1047 460 1130 habes,
473 1068 568 1130 quem
580 1051 667 1110 terra
699 1047 803 1130 remit,
820 1047 875 1131 qui
885 1046 1001 1111 funera
1011 1047 1127 1112 mundi

223 1131 355 1217 Excipis
370 1135 404 1195 et
417 1132 517 1196 tantis
532 1151 599 1195 non
615 1069 723 1215 exples
738 1131 879 1199 luctibus
894 1131 1016 1214 aulam,

224 1218 447 1306 Anguicomae
461 1237 519 1284 uos
532 1238 658 1304 quoque
665 1216 742 1282 deae
753 1216 868 1302 quibus
880 1217 998 1302 impius
1008 1215 1127 1282 horror

160 1315 212 1365 440
225 1304 346 1389 Turpia
360 1305 509 1388 uipereae
523 1303 705 1368 funduntur
720 1305 863 1369 membra
883 1307 1038 1387 cerastae,

223 1389 387 1454 Plurimus
402 1411 460 1454 ora
472 1390 556 1474 tegit
568 1389 712 1472 pendens
727 1388 766 1452 de
781 1389 901 1453 uertice
916 1409 1048 1472 serpens

224 1473 268 1538 Et
282 1475 414 1539 sinuant
428 1473 521 1538 orbes
536 1495 594 1556 per
606 1471 728 1557 pallida
742 1472 826 1537 colla
841 1473 1010 1538 dracones:

224 1557 259 1623 Si
274 1559 422 1622 manibus
437 1557 559 1622 laniata
573 1558 652 1622 meis
667 1557 752 1621 mala
765 1557 899 1622 uictima
913 1561 1037 1622 uestros

224 1642 276 1705 Ad
291 1663 401 1706 manes
416 1643 566 1725 peruenit
579 1641 692 1725 homo,
709 1642 736 1707 si
751 1642 875 1706 uiscera
888 1642 999 1706 matris

160 1735 210 1785 445
223 1725 292 1790 Uos
307 1728 441 1810 propter
454 1725 603 1790 scindens
617 1725 765 1801 homines
780 1725 816 1790 in
831 1729 944 1792 uentre
958 1727 1087 1809 neceni,

222 1809 255 1875 N
256 1831 320 1874 uno
333 1812 460 1874 nostras
475 1810 582 1874 audite
596 1832 716 1894 preces.
759 1815 913 1896 regnator
928 1810 1066 1893 Auerni,

225 1894 374 1959 Crastina
389 1915 461 1958 cum
477 1893 597 1959 Glauce
613 1895 723 1959 ueniet
736 1899 878 1979 nuptura
892 1896 1025 1978 marito,

223 1979 301 2043 Mox
316 1979 428 2043 Furias
444 1980 577 2044 admitte
591 1983 678 2062 tuae,
693 1983 865 2063 properate
880 2000 1005 2043 sorores

224 2062 404 2128 Tartareae.
435 2063 554 2128 Thebis
569 2065 686 2128 iterum
700 2063 766 2127 iam
781 2067 859 2128 uota
873 2067 1043 2148 geruntur,
1220 2139 1221 2142 Ἴ

161 2160 212 2209 450
225 2147 367 2232 Currite,
382 2171 440 2233 per
455 2149 615 2213 thalamos
629 2148 774 2212 locastae
789 2148 891 2211 frater
905 2151 937 2212 et
950 2147 1043 2211 heres

225 2232 404 2319 Coniungit
417 2236 536 2298 natam.
567 2254 646 2319 gens
661 2233 737 2297 baec
758 2236 808 2296 est
821 2235 937 2296 uestra.
968 2230 1086 2295 dicabit

67 2347 101 2396 [p.
113 2346 147 2394 01]
225 2317 386 2384 Mortibus
401 2318 564 2400 impietas,
581 2317 712 2380 affectus
728 2316 843 2381 funera
855 2319 1029 2399 praestent.

225 2402 291 2468 Cur
310 2401 425 2466 mora?
455 2423 531 2464 nam
545 2400 629 2464 nihil
650 2403 699 2463 est
719 2401 806 2483 quod
819 2422 888 2465 non
908 2421 959 2464 me
975 2398 1127 2464 exaudiat

527 2534 533 2546 .
872 2505 928 2549 um
950 2506 1034 2550 uam.

225 2567 406 2665 Uirginitas
422 2567 449 2631 si
464 2571 553 2631 casta
566 2568 688 2651 placet,
703 2569 842 2632 retinere
855 2507 1012 2653 puddlrem

161 2665 210 2715 455
226 2652 260 2718 si
274 2652 355 2716 hbet
369 2656 403 2717 et
415 2673 594 2736 numquam
609 2653 760 2737 contagia
774 2653 892 2718 blanda
906 2653 1014 2718 mariti

227 2736 403 2820 Quaeritis,
418 2737 575 2820 innuptae
588 2740 725 2820 nuptam
740 2737 908 2802 exhorrete
923 2758 1057 2802 sorores.

226 2819 262 2886 Si
276 2820 389 2886 Furias
405 2821 528 2886 saeuire
542 2842 658 2905 precor
671 2843 731 2886 nec
746 2826 861 2906 sponte
875 2822 1014 2905 nocetis,

225 2904 303 2970 Non
318 2905 394 2970 estis
408 2904 540 2988 Furiae,
556 2927 675 2970 nomen
690 2909 811 2970 mutate
827 2907 1016 2990 domosque,

217 2989 343 3055 'Ponite
358 2994 538 3072 0010011100,
554 2991 676 3054 alienas
691 2989 813 3053 reddite
828 2989 978 3054 flammas*

160 3087 212 3137 4οο
224 3073 269 3140 Et
283 3095 418 3158 puerum
435 3073 572 3138 Ueneris
587 3096 683 3158 quem
697 3075 761 3138 iam
777 3075 953 3157 tempsistis
968 3077 1104 3138 amate.’

229 3248 278 3298 431
302 3262 356 3297 000
378 3261 437 3296 rure
461 3243 540 3310 polos
562 3247 630 3310 quod
651 3248 726 3310 posui
747 3247 878 3309 temptauit
899 3245 996 3295 Bacch.
1076 3247 1135 3298 434

161 3313 269 3362 baratri
334 3315 384 3364 436
402 3315 475 3362 malis
494 3313 578 3376 impie
594 3312 599 3375 Ι
614 3313 708 3362 herebi
775 3312 1008 3376 441110111111001
1077 3315 1135 3366 450

161 3378 289 3445 Iochastq
348 3383 398 3431 451
416 3393 504 3445 genus
522 3384 565 3428 est
583 3395 651 3431 corr.
670 3380 767 3430 Bacch.
829 3381 879 3429 452
897 3383 1040 3443 praestant
1058 3395 1135 3434 corr.

162 3443 258 3493 Bacch.
327 3449 377 3498 403
399 3463 441 3496 010
465 3461 521 3496 non
544 3445 676 3494 exaudiat
738 3447 788 3497 458
805 3446 840 3508 cf.
860 3444 945 3498 Orest.
963 3447 1014 3497 487
1078 3452 1137 3502 460

163 3513 256 3559 aetate
274 3514 315 3559 cui
332 3515 495 3578 corruptelae
514 3517 575 3562 nota
593 3513 683 3560 additu
701 3520 740 3562 cst

574 3730 890 3838 A„
