2468 3888
419 197 526 252 LIBER
546 197 692 255 PRIMVS.

118 359 286 443 Gaudent,
309 363 342 424 et
364 359 485 444 duplici
505 359 673 426 sedulitate
695 362 817 427 fovent.

82 445 163 511 Haec
186 445 311 529 eadem,
334 465 412 510 cum·
428 444 606 510 Flaminiae
628 447 814 531 regionibus
835 448 929 531 irem,

23 565 25 574 *
117 529 304 615 splendoris
325 529 423 613 patrii
445 551 539 614 saepe
561 534 688 616 reperta
710 531 803 596 fides:

22 647 23 694 1
80 614 207 680 Famam
228 614 383 679 Lachanii
405 618 576 680 veneratur
597 616 740 680 numinis
761 617 863 682 instar
992 631 1043 682 696

22 703 23 724 ³
116 701 206 766 Inter
227 699 426 785 'l'ybrigenas
448 699 551 784 Lydia
572 704 641 766 tota
663 723 746 766 suos.

82 786 176 850 Grata
196 784 291 849 bonis
312 784 435 868 priscos
457 785 576 851 retinet
596 786 765 869 provincia
786 809 890 853 mores

117 870 288 967 Dignaque
310 873 449 934 rectores
472 891 597 968 semper
617 870 735 936 habere
757 872 875 955 bonos,

22 985 23 990 ¹
82 953 186 1031 Qualis
208 975 296 1018 nunc
316 953 450 1038 Decius,
472 953 589 1020 Lucilli
611 956 722 1021 nobile
743 957 877 1041 pignus,

116 1039 179 1104 Per
201 1036 313 1123 Ooryti
334 1039 472 1125 populos
494 1061 572 1104 arva
591 1040 686 1105 beata
707 1063 724 1105 r
768 1042 801 1106 ‘t.
993 1056 1044 1105 660

80 1124 142 1190 Nec
164 1124 298 1207 mirum,
320 1124 430 1221 magni
453 1124 480 1188 si
502 1123 644 1190 redditus
664 1125 773 1191 indoe
795 1128 864 1192 nati

116 1209 208 1274 Felix
229 1212 297 1273 tam
319 1208 416 1272 simili
435 1209 626 1307 posteritate
647 1213 748 1296 pater.

21 1341 22 1350 ,
79 1293 178 1360 Huius
199 1293 361 1358 vulnificis
383 1295 481 1358 satira
502 1294 631 1358 ludente
654 1293 802 1360 Camenis

21 1413 22 1436 i
115 1378 184 1444 Nec
205 1378 333 1443 Turnus
354 1379 463 1461 potior
490 1401 550 1444 nec
571 1379 733 1444 Iuvenalis
762 1380 832 1444 erit.

21 1543 22 1548 ἵ
78 1462 229 1529 Restituit
250 1467 391 1528 veterem
413 1464 559 1528 censorie
579 1463 657 1528 lima
676 1464 848 1547 pudorem:
991 1479 1042 1528 666

21 1567 22 1614 ;
117 1548 267 1632 Dumque
288 1547 392 1613 malos
414 1548 531 1634 carpit,
553 1549 710 1633 praecipit
732 1571 800 1613 esse
820 1550 933 1614 bonos.

21 1649 22 1680 ¹
77 1633 145 1699 Non
167 1634 246 1698 olim
268 1633 350 1698 sacri
371 1633 564 1698 iustissimus
586 1634 706 1698 arbiter
727 1634 797 1698 auri

116 1717 394 1784 Circumcistentes
416 1718 559 1817 reppulit
579 1718 753 1803 harpyias?

77 1802 248 1889 Harpyias,
292 1825 407 1868 uarum
429 1803 619 1887 discerpitur
639 1804 802 1890 unguibus
826 1805 926 1888 orbis,

117 1887 203 1964 Quae
227 1825 308 1973 pede
327 1887 477 2036 plutineo
499 1888 586 1972 quod
606 1889 742 1974 tetigere
763 1888 912 1954 trabunt:
990 1902 1043 1952 616

78 1971 160 2048 Quae
181 1974 307 2038 luscum
342 1973 452 2038 aciuut
473 1973 615 2058 Argum,
642 1995 724 2057 quae
746 1972 875 2058 Lyncea
896 1995 1041 2039 caecum:

114 2058 203 2124 Inter
223 2057 393 2123 custodum
412 2057 542 2141 publica
562 2057 650 2121 furta
671 2058 793 2122 volant.

77 2140 135 2207 Sed
153 2165 223 2208 non
244 2141 406 2207 Lucillum
426 2141 571 2206 Briareia
590 2141 710 2225 praeda
732 2141 866 2225 fefellit,

115 2228 240 2312 Totque
263 2227 358 2291 simul
379 2227 527 2292 manibus
548 2227 667 2291 restitit
688 2249 753 2290 una
775 2247 898 2290 manus.

76 2310 203 2397 Iamque
225 2310 432 2376 Trituritam
453 2312 567 2376 Pisaea
589 2333 628 2375 ex
649 2312 728 2376 urbe
750 2331 910 2394 reversus,
991 2323 1041 2374 616

114 2398 276 2482 Aptabam
297 2396 401 2461 nitido
423 2396 564 2480 pendula
584 2396 658 2461 6616
677 2395 783 2462 Noto:

77 2478 154 2546 Oum
176 2481 290 2546 subitis
311 2484 415 2546 tectus
436 2481 555 2546 nimbis
576 2479 737 2547 insorduit
758 2479 885 2563 aetber3

115 2565 307 2650 sparserunt
327 2565 434 2630 radios
454 2566 568 2631 nubila
588 2570 684 2650 rupta
705 2586 814 2651 vagos.

77 2647 289 2716 substitimus.
335 2648 413 2726 Quis
434 2651 521 2714 enim
542 2651 602 2716 sub
623 2654 812 2734 tempestate
834 2649 978 2734 maligna

113 2735 305 2801 Insanituris
327 2733 442 2800 audeat
463 2735 510 2799 ire
532 2735 650 2800 fretis?
988 2747 1041 2798 666

78 2816 148 2885 Otia
169 2821 284 2886 vicinis
306 2820 439 2884 terimus
460 2820 588 2885 navalia
611 2820 715 2904 silvii,

115 2903 343 2989 Sectandisque
365 2905 456 2969 iuvat
476 2905 619 2969 membra
639 2925 768 2969 movere
789 2903 875 2968 ieris.

75 2985 288 3055 Instrumenta
308 2993 401 3074 parat
421 2988 562 3056 venandi
583 2989 697 3054 vilicus
718 2989 836 3072 hospes

113 3075 220 3174 Atque
242 3074 365 3140 olidum
387 3072 496 3140 doctas
517 3095 611 3140 nosse
634 3074 737 3139 cubile
759 3095 863 3140 canes.

74 3153 229 3225 Funditur
249 3159 374 3224 insidiis
395 3163 429 3224 et
449 3181 522 3224 rara
542 3156 653 3224 fraude
675 3159 844 3245 plagarum
985 3169 1039 3220 666

114 3243 341 3329 Terribilisque
363 3243 448 3310 cadit
468 3244 603 3309 fulmine
626 3242 730 3309 dentis
753 3265 844 3327 aper,

75 3323 173 3401 Quem
194 3329 369 3415 Meleagrei
390 3333 562 3394 vereantur
583 3327 671 3394 adire
692 3328 819 3409 lacerti,

116 3411 176 3488 Qui
197 3415 284 3480 lauet
304 3414 407 3480 nodos
428 3414 550 3498 Amphi
604 3412 747 3478 oniadae.

74 3492 154 3563 Tum
174 3521 383 3584 responsuros
405 3499 561 3584 persultat
604 3498 699 3564 uciiia
720 3501 862 3579 montes,

124 3635 289 3678 Nmmrvs.
819 3619 835 3670 2
