2474 3886
481 199 549 248 vm
567 201 700 249 ssa-617
1031 198 1075 264 49

171 347 216 414 Et
232 347 333 432 gemit
347 346 534 410 infrendens
549 348 702 411 amissum
719 347 829 412 nobile
844 349 972 434 pignus,

106 447 160 498 585
173 433 304 496 Atrides
318 431 364 496 sio
378 435 518 496 maestus
534 434 602 494 erat
617 431 655 494 de
671 432 808 516 coniuge
823 439 924 515 rapta.

170 517 301 581 Interea
315 518 441 580 Aeneas
456 514 582 578 rediens
597 515 717 599 legatio
733 515 863 580 Troiam

172 600 316 668 Uenerat
331 603 363 664 et
377 597 506 663 Priamo
521 598 705 663 Telamonis
720 598 805 663 diota
820 603 973 682 reportat.

173 684 236 750 Sed
251 682 400 748 Paridem
414 682 543 768 genitor
554 686 724 766 postquam
740 705 808 747 non
825 683 908 746 uidit
922 687 1072 766 amatum,

173 767 306 853 Plangit
321 771 353 831 et
368 767 512 830 albentes
526 766 707 832 immundat
720 768 853 850 puluere
869 788 976 831 canos.
1082 784 1113 832 [r.
1128 784 1163 833 62]

108 865 164 914 590
174 855 323 916 Antenor
331 850 462 915 Priamo
477 851 585 935 pelagi
599 873 730 915 narrare
745 851 871 917 labores

173 937 244 1000 Iam
259 935 336 1000 fletu
351 938 503 999 manante
518 935 610 1020 genis
626 938 658 1000 et
672 935 761 999 mille
775 935 895 1018 pericla

175 1020 348 1103 Coeperat:
363 1019 496 1116 ignarus
511 1017 589 1102 quid
603 1019 641 1082 de
656 1030 785 1102 pastore
800 1020 942 1103 procella

173 1103 300 1168 Fecerit
314 1106 370 1167 aut
384 1102 512 1167 muenia
527 1103 660 1167 classem
675 1105 703 1166 si
718 1104 865 1168 merserit
881 1101 971 1167 unda

174 1187 310 1252 Nescius
325 1208 379 1251 ore
395 1186 507 1269 refert,
523 1187 585 1251 hoo
599 1190 726 1251 tantum
741 1209 836 1252 nosse
851 1188 972 1252 fatetur

109 1284 163 1333 596
175 1271 268 1346 Quod
281 1271 355 1354 pala
381 1271 387 1283 '
404 1272 507 1335 rabies
523 1271 676 1335 subuerso
692 1272 817 1355 gurgite
832 1272 926 1356 ponti

177 1355 198 1420 S
222 1355 337 1420 arserit
382 1354 464 1419 'aeas
478 1355 513 1418 in
527 1358 717 1437 tempestate
733 1356 867 1420 carinas.

175 1377 236 1504 liis
251 1438 344 1503 dietis
359 1439 460 1522 gemit
478 1439 552 1502 aula
567 1439 665 1503 ducis.
695 1459 729 1502 se
743 1438 882 1502 luctibus
897 1439 991 1520 atris,

176 1523 307 1588 Moenia
322 1523 446 1587 iustitio
461 1522 594 1587 foedant
611 1526 643 1587 et
657 1522 823 1607 plangitur
837 1523 930 1604 urbe,

176 1607 276 1673 Sexus
291 1611 426 1690 uterque
441 1607 557 1692 gamit,
573 1628 639 1671 non
655 1629 714 1690 pro
730 1607 859 1671 uirtutis
874 1609 998 1671 honore
1097 1655 1100 1660 Α

109 1705 164 1756 600
176 1695 245 1756 Aut
259 1691 345 1774 quod
359 1691 433 1756 talis
448 1695 517 1755 erat
531 1691 587 1774 qui
601 1696 711 1774 posset
725 1692 811 1756 bella
825 1692 932 1756 subire

176 1779 246 1840 Aut
259 1775 386 1860 ingesta
401 1775 469 1858 pati
483 1774 536 1839 uel
551 1775 684 1840 summis
698 1776 821 1840 uiribus
836 1775 962 1841 hostem

176 1860 339 1944 Frangere
354 1863 387 1923 et
401 1857 555 1923 ensiferas
569 1859 637 1923 acie
652 1859 797 1944 iugulare
813 1859 962 1924 cohortes
977 1898 1018 1907 —

176 1943 332 2019 Quamuis
346 1942 544 2026 Alexander,
561 1943 588 2006 si
603 1945 726 2008 uiribus
740 1943 888 2008 Herculis
904 1947 987 2008 esset

177 2027 332 2092 Aemulus
348 2032 404 2092 aut
419 2029 504 2092 certe
519 2027 717 2112 Meleagrum
733 2033 789 2093 aut
803 2027 927 2092 Thesea
941 2027 1041 2092 fortes

112 2125 164 2175 605
177 2113 341 2196 Aequaret
355 2111 475 2176 uirtute
491 2116 622 2195 potens,
638 2116 747 2176 tamen
761 2112 900 2176 Hectore
915 2131 1034 2195 magno

178 2195 305 2279 Sospite
319 2217 416 2260 nemo
432 2194 531 2260 Parin
550 2195 675 2280 lugeret
690 2194 923 2260 eorde-dolenti
938 2233 976 2241 —

177 2279 240 2345 Sed
254 2281 339 2364 regis
355 2279 431 2364 quia
445 2283 541 2344 natus
556 2283 639 2360 erat,
655 2279 693 2343 fit
706 2279 853 2364 planetus
868 2279 903 2341 in
918 2279 1006 2342 urbe.

175 2363 261 2428 Nam
276 2364 459 2447 quicunque
474 2385 598 2429 memor
611 2362 729 2427 Heleni
744 2385 819 2428 mox
834 2361 918 2426 diota
937 2361 1078 2445 tenebat,

177 2447 331 2512 Laetatur
345 2448 488 2533 gaudeus
504 2447 558 2511 sed
573 2452 700 2512 tantum
714 2469 793 2512 uooe
809 2446 947 2512 dolebat.

113 2545 166 2594 616
177 2532 269 2596 Tune
282 2535 374 2616 pater
389 2532 515 2596 absenti
530 2532 691 2597 tumulum
705 2532 867 2597 formabat
880 2531 1021 2613 inanem,

178 2614 225 2679 Ut
238 2616 372 2684 iacuisse
387 2621 481 2713 putes
495 2617 657 2698 praesenti
672 2620 774 2681 morte
791 2617 933 2680 cadauer.

175 2699 263 2766 Dum
277 2703 371 2784 parat
384 2699 516 2764 inferias
530 2701 659 2785 genitor
673 2705 811 2765 mactare
826 2700 971 2783 sepulcro
1082 2714 1113 2761 [a
1131 2711 1167 2762 ⁶³1

177 2783 254 2848 Non
269 2785 324 2848 ubi
340 2805 455 2868 eorpus
471 2789 539 2848 erat
553 2785 606 2847 uel
620 2783 667 2848 nil
684 2785 798 2849 satiare
814 2805 940 2866 eruore,

180 2866 244 2933 Per
257 2869 341 2932 freta
356 2868 560 2951 conspiciunt
573 2872 686 2933 notam
702 2870 739 2933 de
754 2869 848 2933 litore
864 2869 1006 2933 classem.

116 2964 168 3015 615
183 2951 293 3016 Prima
308 2953 385 3018 ratis
400 2951 527 3016 iuuenis
541 2953 643 3038 regali
656 2951 801 3037 praedita
815 2952 908 3038 signo

181 3040 328 3120 Apparet
343 3057 439 3120 quam
454 3040 538 3101 serta
553 3037 658 3123 ligant
673 3040 767 3101 enata
781 3036 904 3102 rosetis.

181 3119 328 3185 Candida
342 3120 437 3203 pepla
452 3121 566 3186 uolant
581 3125 614 3186 et
628 3122 758 3186 carbasa
773 3121 892 3186 serious
908 3125 1012 3204 ornat,

185 3276 236 3326 589
253 3270 351 3342 uanos]
368 3275 434 3338 fort.
451 3277 541 3327 crines
593 3277 643 3327 596
659 3275 766 3326 Anteno
785 3291 853 3326 corr.
867 3275 914 3324 IM
966 3275 1015 3324 567
1032 3274 1082 3324 sed

111 3345 164 3394 602
189 3343 276 3393 aoism
300 3343 447 3394 eorr.1M
514 3345 564 3394 664
586 3345 677 3394 Tesea
746 3345 795 3394 616
818 3341 962 3405 sepulchro
1032 3343 1083 3393 614

113 3410 272 3475 cospieiuut
294 3426 363 3461 eorr.
383 3409 400 3458 1
406 3410 438 3458 M
521 3412 571 3460 616
594 3410 690 3474 legant
712 3426 781 3459 corr.
801 3409 875 3474 IMl
896 3411 994 3459 oruata
1012 3423 1083 3462 corr.

114 3477 214 3530 Burei.
233 3494 265 3528 m.
284 3477 324 3530 rt.
396 3478 444 3527 617
463 3478 569 3528 seriens
587 3492 655 3528 corr.
675 3478 692 3527 Ι
697 3478 730 3527 Μ

166 3559 299 3600 Daroormr
312 3558 424 3599 earmina.
863 3563 880 3611 4
