2468 3888
429 209 536 264 LIBER
554 210 701 270 PRIMVS.

98 371 249 448 Quantum
271 372 385 438 uitales
406 376 523 438 natura
543 374 681 438 tetendit
702 373 738 438 in
759 395 847 457 aues,

129 457 266 522 Tantum
287 457 400 523 virtuti
421 459 532 541 pervia
553 463 639 522 terra
658 463 743 522 tuae.

95 541 201 607 Fecisti
221 543 360 626 patriam
382 541 514 607 diversis
535 543 685 628 gentibus
707 565 821 608 unam:

129 627 255 692 Profuit
275 627 400 710 invitis,
422 632 454 692 te
477 628 678 711 dominante,
700 627 780 711 capi.

93 709 234 796 Dumque
258 711 353 776 offers
375 713 468 778 victis
489 713 613 796 proprii
635 713 797 778 consortia
817 712 910 797 iuris,
1016 726 1049 777 65

129 797 248 862 Vrbem
269 796 389 880 fecisti,
434 798 499 863 uod
520 798 610 881 prius
632 796 727 862 Orbis
750 801 826 862 erat.

93 883 242 946 ductores
264 882 391 966 generis
413 819 574 948 lenerem
596 882 796 966 Martemque
818 882 970 967 fatemur,

27 1001 29 1020 ›
127 965 313 1032 Aeneadum
334 969 470 1032 matrem
492 966 764 1052 Romulidumque
785 971 924 1051 patrem:

93 1049 216 1137 Mitigat
237 1055 375 1116 armates
397 1051 512 1118 victrix
534 1052 704 1118 clementia
724 1053 824 1136 vire13

129 1135 344 1201 Convenitur
364 1157 470 1203 mores
491 1158 613 1201 numen
634 1141 805 1220 utrumque
826 1141 909 1203 tuos
1017 1151 1050 1200 το

91 1219 170 1284 Hinc
191 1220 251 1285 tibi
274 1221 416 1286 certandi
438 1221 525 1288 bona
545 1222 758 1306 paroendique
781 1222 943 1306 voluptas:

27 1337 28 1342 ¹
130 1304 361 1389 linostimum,
384 1310 530 1390 superat3
554 1328 635 1390 quos
657 1307 833 1390 superavit,
856 1311 950 1372 amat.

91 1389 252 1454 inventrix
275 1390 363 1455 oleae
386 1391 502 1458 colitur
523 1391 654 1474 vinique
676 1395 821 1474 repertor

126 1474 169 1539 Et
189 1475 245 1558 qui
267 1475 389 1558 primus
410 1475 510 1540 humo
532 1477 648 1559 pressit
669 1479 775 1542 aratra
795 1497 875 1559 puer

89 1561 164 1624 Aras
185 1560 360 1626 Paeoniam
381 1561 499 1626 meruit
520 1561 678 1626 medicina
699 1583 757 1644 per
778 1565 895 1644 artem3
1018 1574 1050 1624 75

27 1665 28 1698 l
126 1644 240 1709 Factus
263 1648 296 1709 et
317 1644 445 1710 Alcides
467 1645 636 1712 nobilitate
659 1645 752 1710 deus:

27 1783 28 1808 p
91 1727 134 1792 Tu
154 1751 297 1813 quoquc,
317 1729 461 1814 legiferis
482 1731 638 1796 mundum
660 1731 826 1815 complexe
847 1730 1034 1816 triumphis,

128 1812 268 1879 Foedere
291 1815 454 1878 communi
475 1816 583 1880 vivere
605 1820 720 1880 cuncta
741 1815 829 1880 facis.

90 1896 130 1962 Te
168 1898 239 1982 dea,
262 1902 294 1963 te
317 1899 456 1964 celebrat
476 1899 641 1965 Romanus
663 1901 781 1983 ubique
803 1923 958 1984 recessus,

127 1947 326 2067 lucificoque
348 1985 433 2069 gerit
454 1984 556 2050 libera
578 1985 661 2050 colla
682 1985 768 2068 iugo.
1016 1998 1050 2048 80

90 2065 201 2132 Omnia
221 2072 376 2153 perpetuo
399 2091 481 2152 quae
504 2073 633 2134 servant
654 2069 757 2134 sidera
778 2074 884 2152 motu,

126 2151 259 2218 Nullum
281 2152 431 2218 viderunt
451 2155 616 2237 pulchrius
638 2154 817 2237 imperium.

90 2234 169 2310 Quid
189 2238 292 2304 simile
314 2239 455 2322 Assyriis
478 2243 643 2305 conectere
665 2239 803 2323 contigit
824 2238 944 2304 armis?

128 2320 211 2387 Medi
233 2323 387 2388 finitimos
410 2324 623 2388 condomuere
645 2345 734 2388 suos:

90 2403 120 2468 M
187 2407 193 2420 '
216 2407 411 2506 Parthorum
432 2429 524 2506 reges
546 2408 770 2505 Macetumque
791 2409 921 2492 tyranni
1014 2421 1047 2469 85

88 2515 240 2642 Necllibi
254 2514 536 2661 daedodniilapildrudd
551 2493 951 2664 diffiqdeceilanusque,

128 2659 189 2726 Sed
210 2661 283 2744 plus
305 2663 432 2728 consilii
453 2663 626 2747 iudiciique
648 2664 719 2730 fuit.

89 2743 180 2810 Iustis
202 2747 360 2811 bellorum
383 2749 485 2813 causis
507 2770 567 2813 nec
588 2770 666 2832 pace
689 2749 826 2832 superba

125 2829 252 2897 Nobilis
274 2831 314 2896 ad
336 2854 474 2897 summas
496 2833 600 2918 gloria
621 2834 712 2910 venit
733 2855 820 2916 opes.
1016 2846 1049 2896 90

90 2910 177 2988 Quod
196 2937 311 3014 regnas
331 2917 437 2982 minus
459 2921 507 2982 est
527 2939 624 3002 quam
644 2917 731 3001 quod
749 2938 885 3002 regnare
898 2919 1047 2982 mereris:
1081 2921 1085 2934 '

126 2999 260 3066 Excedm
281 3000 376 3066 factis
398 3003 533 3088 grandia
553 3003 622 3066 fata
642 3003 716 3066 tuis.

88 3079 274 3151 Perceneere
296 3086 389 3151 labor
411 3087 517 3152 densis
539 3087 653 3152 decora
674 3087 740 3152 alta
760 3089 914 3172 tropaeis,

126 3168 174 3235 Vt
194 3171 221 3234 si
245 3171 294 3234 uis
317 3171 425 3236 stellas
446 3193 672 3255 pernumerare
694 3173 781 3238 velit.

89 3193 295 3322 Confundunt
317 3278 358 3320 ue
380 3277 478 3341 vagos
501 3257 633 3322 delubra
653 3257 805 3323 micantia
826 3258 929 3322 visus:
1015 3270 1048 3318 95

126 3339 215 3422 Ipsos
238 3361 289 3404 ore
315 3341 424 3404 'derim
446 3342 494 3406 sic
516 3341 660 3408 habitare
683 3343 768 3407 deos.

89 3419 168 3496 Quid
188 3425 303 3509 loquar
324 3426 410 3490 aerio
432 3427 608 3510 pendentes
630 3426 754 3492 fornice
775 3428 877 3510 rivos,

128 3507 196 3584 Qua
217 3511 272 3574 vix
293 3510 473 3576 imbriferas
495 3511 623 3576 tolleret
643 3512 704 3576 lris
726 3511 848 3594 aquas?

810 3630 845 3681 1*
