2474 3886
188 225 228 289 18
527 221 811 275 CONTROUERSIA

250 375 357 438 Instar
371 371 494 436 habent
507 370 617 436 hostes
632 392 713 454 quos
728 371 851 434 sanctio
866 370 958 434 nulla
972 375 1110 456 coercet,

251 458 454 523 Condemnat
468 455 555 520 solus
570 455 680 518 ciuilia
693 455 765 519 iura
778 458 945 538 tyrannus.

187 556 237 605 aab
251 542 371 608 Nonne
384 539 614 624 triumphantis
629 539 734 622 legem
749 539 777 603 si
791 539 875 602 forte
891 539 1048 621 superbus

251 626 424 690 Temneret
438 628 496 688 aut
509 623 602 707 parui
617 622 760 706 pendens
776 623 959 706 quicunque
971 627 1110 708 putaret,

252 710 433 794 Sacrilegus
448 710 622 772 temerator
636 707 724 771 iners
738 706 888 771 inimicus
903 710 936 772 et
949 707 1053 771 hostis

251 794 404 859 Publicus
419 791 474 856 ille
488 792 583 872 foret,
600 792 709 876 legum
724 795 846 855 recreta
860 791 1003 854 tribuual

250 878 320 942 Iam
327 880 473 961 quateret
484 875 620 958 strepitu
631 875 768 958 iuuenis,
774 875 847 939 fora
856 879 1157 962 nostracreparent,

188 975 239 1024 240
253 962 327 1045 Ipse
343 961 506 1025 cicatrices
521 959 678 1024 subducta
691 959 799 1024 fronte
814 963 958 1024 recentes

251 1045 397 1110 Pectoris
413 1044 520 1108 effossi
534 1043 656 1127 populo
671 1047 868 1108 monstraret
881 1047 914 1107 et
926 1044 998 1108 urbi

253 1127 409 1194 ‘Uirtutis
420 1129 525 1192 laesae
541 1128 650 1212 grauis
665 1131 714 1192 est
727 1127 847 1191 iniuria
862 1127 977 1192 Marti’

252 1213 413 1279 Olamaret
427 1233 485 1295 per
499 1211 621 1294 templa
634 1210 723 1275 Iouis
738 1232 796 1294 per
809 1212 932 1295 templa
946 1211 1124 1296 Mineruae,

253 1296 375 1363 ‘Nemo
391 1297 492 1361 aciem
505 1296 626 1377 subeat,
641 1295 751 1360 nullus
762 1302 952 1380 prorumpat
965 1297 1000 1361 in
1012 1296 1154 1362 hostem’

187 1395 237 1444 245
252 1382 399 1464 Diceret,
415 1380 627 1445 infremerent
641 1401 753 1444 omncs
767 1401 834 1444 uno
925 1381 979 1444 ine
995 1381 1104 1445 ciues?

208 1521 210 1524 .
250 1467 415 1550 Pauperis,
432 1487 450 1529 o
466 1485 625 1548 proceres,
640 1464 829 1548 languentia
844 1401 927 1528 delli
942 1466 1053 1530 sinetis

120 1614 123 1620 .
251 1549 419 1616 Carnificis
433 1552 584 1612 truncare
600 1548 755 1611 manum?
777 1569 846 1612 non
860 1569 949 1612 arma
963 1549 1122 1633 tubasque

251 1633 380 1698 Tollitis
403 1635 436 1695 et
451 1633 564 1695 saltem
579 1631 689 1696 ciuilia
703 1633 787 1696 bella
801 1633 963 1696 monetis?

98 1731 128 1787 [p.
142 1735 174 1787 re]
252 1716 337 1792 Quid
351 1716 443 1799 plebs
456 1719 569 1780 nostre
582 1716 692 1779 laces?
714 1715 804 1781 diues
818 1716 1016 1800 praeiudicat
1030 1718 1103 1781 urbi
1232 1769 1233 1778 ,

187 1815 238 1862 250
253 1801 298 1865 nt
312 1801 433 1883 pariter
446 1804 504 1864 tua
517 1801 589 1863 iura
602 1804 711 1885 negat,
726 1801 936 1884 praescriptio
952 1802 1055 1886 surgit

251 1883 339 1960 Quae
355 1884 476 1967 populo
493 1885 594 1948 uitam
609 1883 855 1968 libertatemque
869 1887 1010 1971 negabit.

250 1967 327 2034 Non
342 1967 487 2052 gemitis,
502 1989 570 2032 non
586 1969 671 2032 fietis
685 1968 805 2052 adhuc,
821 1991 889 2033 non
904 1991 993 2033 arma
1007 1969 1156 2053 paratis?

250 2052 369 2117 Laudis
385 2052 446 2116 erit
459 2051 565 2116 fateor
579 2073 638 2134 pro
652 2053 802 2117 libertate
817 2053 937 2136 perire:

249 2135 335 2202 Nam
349 2158 409 2222 pro
425 2133 582 2236 Uerginia
596 2158 668 2200 cum
683 2137 775 2284 pllebs
790 2138 916 2202 arderet
929 2139 964 2202 in
979 2138 1027 2200 ira

186 2234 237 2282 255
252 2221 376 2286 Montis
391 2221 549 2286 Auentrni
563 2222 669 2286 tenuit

251 2305 333 2371 Oum
347 2309 440 2390 pater
454 2306 617 2390 egregiam
631 2307 809 2388 prostrauit
822 2309 926 2370 morte
940 2305 1082 2390 puellam

248 2390 422 2474 Impietate
436 2389 519 2472 pius,
534 2410 576 2453 ne
592 2387 744 2454 Claudius
760 2395 843 2454 esset
857 2390 990 2455 adulter.

249 2473 319 2537 Nec
332 2473 472 2557 populus
487 2473 570 2536 liber
586 2476 679 2555 capto
693 2473 731 2536 de
746 2479 857 2539 monte
871 2475 998 2556 rediret,

248 2556 346 2620 Plebs
361 2555 425 2619 nisi
440 2555 628 2639 sumpsisset
641 2578 715 2621 cum
729 2557 877 2624 libertate
891 2557 1100 2642 triumphum.

715 2243 832 2286 omana
847 2243 1008 2304 cacumen,

106 2688 166 2792 ¹⁰¹³qu
188 2703 238 2752 260
254 2686 413 2773 Uidimus,
428 2711 449 2786 ‚⁰
464 2675 560 2774 cinea,
575 2691 731 2789 fugientis
745 2693 895 2776 pauperis
910 2715 968 2757 ora

252 2771 335 2838 Oum
349 2775 497 2839 manibus
512 2779 689 2859 quaesrsset
703 2797 799 2859 opem
813 2777 882 2841 sine
894 2799 977 2842 uoce
995 2778 1154 2873 rogantis.

250 2855 415 2924 Diximus:
430 2858 533 2924 hostia
549 2859 647 2924 adest.
677 2859 790 2924 ueniat
803 2861 854 2924 uir
868 2861 963 2926 fortis
978 2865 1012 2925 et
1026 2861 1111 2926 adsit

249 2940 348 3007 Ouius
363 2942 458 3026 inops
473 2943 645 3009 simulacra
659 2948 757 3022 tenet,
773 2945 826 3008 cui
841 2967 934 3010 crura
948 2945 1075 3010 lacertis

249 3024 360 3092 Oinxit
375 3028 408 3090 et
422 3026 462 3090 ad
476 3027 603 3110 plantas
617 3031 797 3112 prostratus
812 3029 941 3114 plangit
956 3049 1076 3114 egenus

117 3165 121 3172 .
184 3122 235 3172 acc
250 3108 449 3195 Belligerum
471 3131 528 3176 ceu
550 3133 671 3176 numen
694 3111 826 3176 habens.
859 3112 936 3262 dulqn
957 3134 1078 3196 pronus
1099 3115 1159 3178 ad-

919 3200 1015 3281 aeret,

252 3367 302 3416 233
325 3369 437 3417 cordatus
459 3366 537 3416 Iusta
559 3369 664 3430 pauent
686 3363 691 3430 Ι
715 3366 802 3417 hostis
868 3369 918 3418 242
941 3366 1037 3418 martii
1102 3371 1157 3419 243

185 3428 307 3481 clamare
359 3433 557 3484 respicerent
607 3433 657 3481 247
675 3447 759 3482 manu
810 3435 861 3484 260
878 3435 1012 3498 necatos.
1032 3435 1085 3486 VII
1105 3439 1159 3486 144

184 3494 282 3546 Bacch.
340 3502 392 3551 254
409 3499 542 3566 uergenia
559 3499 586 3548 r'n
603 3500 716 3564 nmrpr‘ne
733 3501 856 3562 praefica
872 3508 913 3550 ecl
929 3509 990 3552 ncta
1007 3500 1034 3565 It

570 3789 858 3840 ΑΑΔ
