2474 3886
440 215 678 268 sinissaemo
831 209 837 218 ’
1004 213 1047 278 89

132 361 291 434 ³Deu0ac
305 365 453 451 egregios
466 366 593 450 ingenti
609 387 741 448 corpore
756 368 876 449 tauros,

189 451 234 520 Et
247 451 379 534 rapiunt
393 450 520 534 aquilae
536 449 703 532 splendida
716 450 860 514 membra
874 450 980 533 pedes.

146 535 213 601 Dat
227 535 325 602 semel
340 535 440 601 iratus
455 534 585 600 ueniam
599 537 675 617 post
688 534 824 598 uulnera
838 534 956 619 pardus

188 619 221 685 N
222 638 258 684 ee
273 619 406 686 reduces
421 640 547 684 morsus
563 619 617 683 dat
631 618 759 684 feritate
774 619 838 701 pia.

81 716 134 768 275
151 704 296 787 Despicit
310 704 404 772 irasci
423 703 606 786 paston'bns
621 703 744 786 optima
758 703 861 788 tigris,

189 788 337 872 Despicit
351 791 384 852 et
397 787 501 870 talpas
516 788 681 852 flammeus
697 809 752 854 ore
768 788 874 852 draco.

147 871 299 940 Fulmina
312 895 380 936 non
394 872 517 938 feriunt
530 872 693 955 reptantia
701 873 855 958 gramina
869 871 963 937 ternis

189 955 222 1022 N
223 979 258 1022 cc
273 957 414 1022 modicas
435 956 549 1022 salices
564 957 693 1022 flamma
707 957 840 1022 trisulca
854 959 984 1040 cremat,

149 1040 211 1107 Sed
224 1042 347 1108 feriunt
361 1042 461 1106 celsas
474 1041 639 1125 pulsantes
653 1041 766 1105 nubila
780 1041 891 1106 cedros
935 1035 938 1047 ’

80 1139 135 1189 280
190 1125 236 1194 Et
248 1129 374 1194 montes
389 1128 499 1192 uastos
513 1125 661 1209 proxima
675 1147 751 1190 saxa
764 1126 850 1210 polo.

150 1209 265 1277 Sontes
280 1215 449 1294 peccantes
464 1213 593 1276 tantum
608 1233 665 1274 sua
680 1209 775 1293 culpa
788 1209 920 1296 fatigat:

189 1294 274 1360 Ecce
289 1295 385 1360 eiiam
399 1295 544 1360 insontes
559 1295 658 1359 noxia
671 1315 778 1377 poena
791 1295 882 1378 petit.

149 1377 183 1445 Si
206 1380 275 1463 ipse
300 1401 361 1464 ego
387 1380 535 1463 peccaui,
562 1400 720 1463 quaenam
742 1386 804 1461 est,
832 1399 928 1462 rogo,
955 1377 1050 1461 culpa

196 1500 198 1503 v
793 1483 937 1528 meorum

193 1545 281 1622 Quos
295 1549 389 1614 simul
405 1549 547 1634 exagitat
560 1547 665 1634 frigus
680 1548 838 1631 inopsque
853 1547 978 1612 fames?

80 1641 135 1694 285
150 1631 284 1697 Diluuio
299 1633 422 1716 peiiere
437 1634 484 1697 rei
499 1634 568 1697 sine
584 1631 672 1698 clade
687 1632 826 1717 piorum,

191 1715 278 1781 Loth
293 1717 396 1782 bonus
412 1721 444 1781 et
458 1718 561 1782 iustus
576 1718 703 1782 tollitur
717 1739 756 1780 ex
772 1715 929 1782 Sodomis,

147 1798 185 1865 Si
198 1822 268 1866 non
281 1801 416 1880 humani
431 1802 557 1886 generis
571 1806 703 1885 peecata
716 1801 863 1883 fuissent,

190 1883 285 1950 Unde
299 1887 389 1968 pium
404 1907 523 1950 nomen
537 1889 647 1969 posset
660 1885 778 1950 habere
794 1885 893 1948 deus?

150 1967 213 2034 sed
228 1971 305 2054 quia
319 1969 374 2033 dat
389 1969 517 2034 ueniam
532 1969 661 2052 populis
675 1973 807 2052 peccata
821 1969 978 2052 relaxans,

80 2065 136 2115 290
193 2053 255 2118 Per
269 2053 398 2136 pietatis
415 2074 495 2136 opus
510 2074 630 2117 nomen
643 2052 742 2117 habet
755 2052 926 2136 placidum.

151 2135 186 2202 Si
202 2139 330 2202 ueniam
344 2135 444 2200 frater
458 2136 551 2200 fratii
566 2133 685 2202 donare
700 2136 837 2219 iubetur,

194 2221 278 2296 Quid
291 2242 347 2285 rex
363 2221 513 2286 subiectis
528 2225 561 2285 et
576 2220 724 2286 dominus
739 2219 892 2285 famulis?

150 2304 185 2370 si
199 2306 293 2368 iustis
308 2305 409 2370 solem
424 2305 573 2370 dominus
588 2305 779 2389 pluuiaeque
794 2305 933 2369 dedisset

191 2389 224 2454 N
225 2410 261 2452 ec
277 2390 365 2453 daret
379 2390 516 2473 iniustis,
533 2410 614 2472 quae
629 2388 736 2452 fuerat
749 2388 878 2472 pietas?

78 2486 135 2535 295
150 2473 229 2538 Non
243 2474 369 2556 quaerit
382 2474 511 2538 ueniam
527 2474 583 2558 qui
597 2474 645 2537 nil
659 2495 806 2557 peccasse
821 2473 985 2558 probatur,

121 2615 125 2623 .
191 2557 310 2622 Nonne
325 2580 440 2622 manus
455 2556 571 2622 medici
585 2558 740 2642 languida
753 2559 897 2622 membra
911 2556 1051 2642 petunt?

149 2639 318 2706 Materiam
333 2642 435 2706 laudis
446 2642 579 2726 praebet
593 2643 653 2708 tibi
668 2643 763 2726 culpa
777 2665 906 2708 reorum

192 2726 238 2790 Et
252 2727 364 2791 titulos
380 2726 483 2790 famae
499 2726 553 2790 dat
569 2728 705 2810 pietatis
716 2749 806 2810 opus.

149 2810 288 2876 Inclitus
303 2812 510 2895 armipotens,
525 2815 650 2875 nestrae
685 2812 793 2876 i'e'tatis
809 2811 900 2895 origo

75 2907 134 2956 300
195 2895 240 2959 Et
254 2895 367 2960 doctus
383 2895 479 2979 genio
494 2896 629 2980 pronior
643 2834 685 2958 ad
699 2895 829 2959 ueniam

149 2979 248 3044 ‘Non
263 2980 389 3045 homini
403 2981 555 3064 ignosoo’
572 2979 653 3044 dixit
669 2979 742 3044 ‘sed
756 2980 869 3066 lingna
879 2983 1054 3044 meretur’:

151 3237 204 3284 272
226 3235 378 3286 membrida
395 3237 462 3286 ande
484 3235 599 3286 nebrida
622 3235 724 3286 uerbum
739 3251 850 3301 prorsus
872 3239 982 3299 ignotum
1000 3232 1056 3296 effi·

70 3304 170 3354 ciendi
186 3304 312 3353 licentiam
323 3303 373 3354 cibi
382 3304 630 3367 sumpsitAreaalua.
656 3303 801 3368 splendida
811 3304 948 3367 proposuit
961 3299 1055 3359 Bacch.

70 3377 197 3421 ceterum
219 3376 296 3421 totum
317 3370 365 3420 loc
386 3371 565 3420 hemistichium
586 3373 718 3422 addidisse
740 3373 842 3421 uidetur
859 3385 923 3423 mon.
942 3384 994 3418 rec.

69 3439 130 3490 2⁷7
148 3436 282 3486 Flumina
303 3453 372 3488 corr.
393 3439 521 3488 Arenolns
543 3439 577 3502 cf.
597 3439 622 3490 V
639 3439 689 3489 312
769 3439 819 3488 300
839 3438 909 3485 inter
932 3437 1013 3502 genio
1031 3441 1057 3486 et

67 3500 198 3574 pronior
215 3507 322 3570 amplias
338 3505 448 3570 spatium
