2474 3886
183 175 226 240 50
592 177 743 226 usuum

246 325 291 390 Et
306 324 443 390 Ueneris
458 325 542 389 oelsa
557 327 721 407 spectatur
735 324 775 388 ab
790 323 903 388 arbore
918 327 1043 407 myrtus

248 409 352 484 Quam
366 430 503 493 sponsus
519 405 629 472 defixit
644 429 755 473 ouans.
786 407 926 474 ooourrit
942 407 983 470 ad
996 409 1100 474 undas

184 505 234 555 620
247 492 381 556 Hecuba
398 514 471 556 oum
485 491 616 556 Priamo
655 492 744 575 opuli
759 492 932 556 eomitante
948 495 1089 576 caterua,

248 575 437 660 Suscipiunt
450 597 611 659 sponsam,
628 514 682 640 iat
696 576 820 640 eunctis
836 577 945 640 oscula
960 581 1072 660 pastor

247 660 299 724 Ad
310 665 435 744 patrem
445 659 610 724 Priamum
623 661 771 744 gradiens
782 664 982 745 matremque
993 661 1150 746 salutans,

245 744 363 809 Duloia
379 744 463 809 oolla
477 747 591 809 tenent
605 751 639 808 et
652 744 796 809 uultibus
811 744 920 809 oscula
934 745 1049 828 figunt.

245 827 324 893 Non
338 829 460 892 inuitus
476 829 565 892 adest
578 849 639 892 ueo
654 829 773 914 gaudet
785 828 903 893 fortior
916 827 1048 912 Hector,

183 924 233 975 625
250 911 353 987 Quem
367 911 496 976 Troilus
511 913 656 996 sequitur
670 934 730 977 neo
744 913 863 976 liuidus
879 916 1036 977 attamen
1051 934 1151 1000 aeger

246 995 279 1060 N
281 1017 324 1060 on
339 997 491 1060 membris
506 995 561 1060 sed
575 1000 683 1060 mente
697 997 815 1082 grauis.
836 997 1006 1082 praesagia
1020 1019 1133 1062 tensus

247 1079 446 1145 Concutiunt
460 1081 648 1164 animosque
662 1082 741 1145 uiri:
756 1103 844 1146 mors
858 1103 914 1145 ore
929 1085 1062 1146 cruento

245 1161 336 1228 Inter
350 1164 507 1230 Troianos
523 1164 672 1230 discum't
687 1187 784 1229 saeua
799 1168 937 1248 caterua,

247 1247 321 1312 Heu
337 1252 476 1332 quantos
491 1253 622 1332 raptura
635 1249 723 1314 uiros
739 1252 771 1314 et
785 1250 854 1314 fata
869 1248 983 1314 datium

183 1344 234 1394 630
248 1333 316 1396 Aut
331 1336 468 1416 quantas
483 1355 541 1416 per
554 1333 640 1397 bella
654 1354 755 1398 nurus
770 1333 902 1398 uiduare
917 1336 1041 1416 parata.

245 1416 364 1497 Troilo,
380 1420 522 1482 sectatur
536 1417 675 1502 uestigia
688 1421 797 1482 uestra
811 1416 943 1482 Polites.

247 1501 299 1564 Sio
314 1501 397 1564 solet
410 1500 525 1564 umbra
540 1521 660 1584 sequax
674 1501 839 1567 hominem
853 1501 984 1566 larualis
999 1501 1044 1564 im
1087 1523 1106 1566 o

245 1583 338 1648 Muta
354 1584 445 1667 sequi
459 1605 519 1648 neo
533 1585 678 1649 membra
691 1595 800 1650 mouet
814 1585 878 1650 nisi
892 1585 1031 1649 mouerit
1045 1585 1099 1648 ile

248 1666 350 1743 Quem
365 1668 519 1751 sequitur,
535 1669 563 1731 si
579 1673 681 1734 cesset
694 1669 793 1745 homo
809 1670 946 1736 cessabit
959 1670 1077 1754 imago,

182 1762 231 1813 636
249 1750 312 1816 Uel
328 1751 541 1834 quodeunque
556 1773 705 1837 mouens,
721 1755 748 1818 si
764 1754 882 1820 sederit
895 1753 1099 1836 illasedebit,

93 1852 127 1902 [o-
141 1853 176 1901 64]
247 1834 391 1899 Motibus
406 1838 438 1899 et
452 1836 541 1900 falsis
556 1859 649 1901 ueras
664 1837 790 1904 imitata
803 1839 933 1923 figuras,

244 1918 276 1983 N
278 1919 301 1982 il
317 1919 438 1984 faciens
454 1920 545 2003 quasi
558 1926 674 1986 ounota
688 1923 774 1987 facit.
805 1923 851 1987 sio
866 1943 994 2006 quoque
1009 1920 1141 1986 Polites.

245 2002 392 2067 Duxerat
406 2026 540 2070 uxorem
554 2009 666 2088 pastor
682 2029 755 2071 oum
769 2011 855 2072 sorte
870 2007 1011 2072 sinistra.

246 2086 315 2150 Iam
330 2107 438 2152 muros
453 2089 517 2152 iam
531 2092 617 2154 teuta
631 2093 756 2174 petunt,
772 2092 837 2156 iam
852 2091 937 2175 regis
953 2090 994 2154 ad
1009 2090 1115 2154 aulam
1224 2089 1225 2094 ’

181 2183 232 2232 640
246 2171 391 2236 Intratur
402 2193 616 2258 sponsamque
627 2178 743 2321 tegunt
750 2198 808 2240 sua
813 2175 961 2239 flammea
965 2173 1145 2258 pulchram,

244 2255 313 2320 Iam
327 2256 479 2321 thalamis
493 2261 607 2322 ornata
621 2281 655 2322 se
678 2263 724 2343 et,
738 2261 874 2324 saltatur
889 2260 924 2322 in
938 2258 1026 2341 urbe,

244 2339 413 2424 Tympana
426 2342 490 2404 iam
505 2343 664 2425 quatiunt,
680 2344 744 2407 iam
759 2343 879 2409 rustica
893 2342 1001 2407 fistula
1015 2361 1144 2406 oarmen

243 2422 410 2488 Pastorale
426 2425 522 2489 canit.
549 2425 649 2489 lituus
663 2427 710 2490 nil
727 2425 818 2492 duloe
832 2427 983 2512 remugit,

244 2505 446 2572 Fescennina
462 2508 559 2572 silent
572 2513 605 2572 et
618 2509 737 2575 bucina
751 2511 838 2575 bella
851 2511 1003 2594 minatur,

179 2601 230 2651 646
245 2589 278 2656 N
279 2613 314 2654 ee
329 2591 443 2655 molles
456 2592 534 2656 tuba
549 2615 646 2657 rauoa
661 2615 758 2660 nonos
773 2595 861 2660 dedit
875 2617 948 2660 aere
964 2615 1093 2676 oanoro,

245 2674 395 2758 Increpat
409 2697 499 2740 arma
513 2675 608 2741 duces
623 2679 752 2763 clypeos
767 2684 799 2745 et
814 2679 901 2744 mille
917 2679 1051 2762 carinas,

247 2758 387 2824 Classius
402 2759 533 2844 Tydidis
548 2763 749 2829 oommittere
763 2764 849 2828 bella
863 2767 1003 2848 putares.

245 2839 295 2906 Ite
309 2865 403 2926 pares
418 2845 538 2928 sponsi,
553 2845 618 2910 iam
634 2848 743 2912 omina
757 2851 841 2912 tetra
856 2847 1017 2931 probastis

247 3049 298 3099 620
316 3048 413 3098 Esuba
482 3049 532 3098 622
550 3049 587 3100 At
605 3067 673 3102 corr.
692 3052 787 3103 Boeoti.
806 3069 837 3107 m.
848 3053 887 3106 rt.
907 3050 912 3116 Ι
932 3052 1056 3118 gaudeus
1079 3069 1146 3104 corr.

177 3115 277 3166 Bueclt.
291 3131 323 3168 m.
334 3115 375 3171 rt.
444 3117 494 3166 624
511 3130 565 3166 nen
583 3120 688 3182 gaudet
705 3135 773 3170 corr.
786 3120 804 3169 1
809 3121 840 3171 M
909 3123 958 3170 625
977 3135 1030 3169 neo
1048 3118 1147 3182 (iuro-

178 3181 251 3246 sora)
270 3182 376 3234 inuitus
395 3185 516 3234 attamen
547 3199 602 3234 non
620 3187 725 3237 inuitus
744 3193 837 3238 tamen
855 3189 907 3238 IM
979 3188 1028 3237 627
1047 3189 1147 3238 inuiti

179 3266 248 3301 corr.
262 3250 278 3299 1
284 3251 315 3302 M
383 3251 433 3300 628
451 3251 585 3301 Troianas
603 3279 636 3289 —
656 3253 804 3308 cateruas?
879 3256 929 3306 629
952 3257 1057 3318 quanto
1079 3271 1146 3306 corr.

178 3317 196 3366 1
201 3316 253 3382 ΜΙ
269 3323 382 3383 raptura
399 3319 426 3367 in
444 3334 496 3368 raa.
514 3315 518 3382 Ι
534 3325 587 3384 εἰς,
606 3337 676 3376 corr.
693 3321 710 3371 Ι
715 3322 749 3370 Μ
797 3324 847 3374 633
865 3321 952 3373 Multa
971 3322 1147 3374 eomBuect.

178 3399 209 3432 m.
221 3386 262 3435 rli.
332 3387 382 3438 638
399 3385 518 3436 Dixerat
536 3401 604 3440 corr.
624 3389 640 3436 Ι
645 3389 679 3438 Μ
744 3391 794 3440 640
812 3391 921 3442 Iotrstu
939 3390 962 3438 ri
980 3405 1049 3440 sorr.
1066 3389 1082 3438 Ι
1088 3390 1120 3440 Μ

177 3452 227 3501 641
246 3449 287 3504 hs
304 3469 371 3507 corr.
384 3453 402 3502 1
408 3453 441 3503 M
490 3455 539 3504 642
558 3453 674 3520 Typana
692 3471 763 3508 corr.
776 3457 793 3508 I
798 3457 828 3507 M
879 3459 929 3508 648
949 3459 1041 3508 omina
1053 3458 1080 3508 in
1091 3474 1145 3510 ras.
