2468 3888
146 200 189 264 46
358 279 362 285 .
545 203 716 260 snanuvs.

148 367 305 465 Scaliger,
329 367 452 431 ‘caelo’
474 367 526 432 vel
548 366 660 431 ³cede’
690 366 822 432 cdd.——
850 368 948 432 ³solc.
980 389 1037 466 cor
1058 369 1117 434 iit’
1228 419 1229 424 η

147 452 232 517 idem
255 417 348 538 (³ibt'
372 472 444 537 ego,
466 451 506 517 of.
525 451 554 516 d.
570 474 595 516 r.
611 473 653 516 m.
669 452 757 538 403),
779 452 845 517 ‘sol
868 453 1024 518 occurrit’
1048 455 1118 520 sive

147 538 268 602 ³solem
290 541 451 601 occurrct'
473 536 594 634 scripti.

169 621 198 686 9.
257 621 372 706 quodsi
399 622 458 686 tibi
485 621 578 707 virgo
606 621 720 686 favens
749 625 870 686 reseret
890 623 955 687 cita
976 623 1118 688 claustra

210 790 384 856 Diomedes
389 811 452 889 pg.
468 791 532 856 516
547 789 658 856 Sereni
673 790 761 856 aliud
754 706 986 875 plldlbpedbibdsi
1002 812 1029 857 e.
1046 815 1075 878 q.
1089 815 1116 857 s.

147 913 189 925 -
216 876 318 941 hic
292 898 320 940 s1
346 876 494 1044 primurn
495 875 706 1046 3semipedem
730 876 895 960 detrahas,
927 877 989 942 erit
1011 878 1117 943 simile

169 961 294 1026 roximo
309 959 530 1046 superioriffi)
561 960 754 1046 —³virg0'‚
774 927 956 1026 Dianal-
978 961 1116 1028 ‘favens’

149 1044 718 1215 memqqqrfinqsustgqqqenppvpcdpam
745 1129 852 1195 aufers
873 1131 1011 1196 Picenae
1032 1153 1117 1196 mar·

210 1298 383 1366 Diomedes
404 1300 546 1386 p.g516.
577 1298 714 1366 Serenus
736 1215 1024 1366 fegcillishdddasinodi
1045 1323 1118 1365 ιει-

147 1408 233 1451 sum:
256 1387 312 1471 qui
334 1407 360 1450 e.
377 1408 408 1470 q.
424 1407 448 1449 s
464 1386 610 1469 superius
631 1405 757 1450 comma
778 1388 827 1450 est
849 1407 888 1450 ex
909 1385 1117 1505 anapaestico
1231 1383 1232 1410 l

148 1471 277 1537 chorico
299 1470 338 1535 de
353 1492 418 1555 quo
439 1491 537 1554 supra
558 1469 679 1534 dictum
700 1472 758 1534 est.
787 1491 864 1534 nam
884 1470 979 1535 hoc³
981 1471 1052 1568 qui
1057 1492 1118 1535 na·

147 1556 278 1654 sigium
292 1555 442 1620 navicula
463 1554 587 1620 aufers'
610 1554 714 1619 simila
736 1558 785 1619 εει
770 1555 855 1619 tilli
876 1554 999 1619 ‘audax
1019 1555 1117 1620 nimi·

147 1664 203 1706 um
224 1641 282 1725 qui
306 1641 390 1705 freta
409 1639 558 1723 primns'.
598 1638 734 1704 inferius
753 1642 862 1705 autem
882 1661 1008 1704 comma
1027 1640 1118 1724 quod

147 1729 197 1789 εει
210 1725 298 1822 tale‘
306 1723 445 1789 Picenae
458 1723 614 1841 marginis
629 1727 717 1788 scta'
733 1724 837 1789 simile
853 1728 902 1789 est
887 1725 989 1789 tilli³
997 1723 1118 1790 Troiae

148 1809 203 1908 qui
224 1809 361 1906 primus
369 1807 409 1872 ab
433 1807 524 1872 oris’.
546 1807 794 1894 —‘naulrsgio
815 1809 1014 1874 naviculam'
1037 1811 1118 1874 scri-

147 1893 213 1979 psi,
236 1891 420 1991 ‘navigium
446 1891 611 1991 navicula'
641 1892 709 1958 cdd.
738 1897 872 1978 excepto
900 1893 987 1979 quod
1007 1898 1119 1979 poste·

146 1980 231 2045 riore
245 1980 343 2044 loco³
345 1977 505 2063 navigius’
527 1977 608 2043 alter
622 1977 796 2044 Parisinus.
827 1977 1000 2044 ³Picenae'
1016 1977 1118 2063 docti,

147 2065 259 2216 llHPti
282 2063 463 2214 Pddeidlrbda
477 2062 834 2232 ludisdrldlialibroperiter
854 2149 943 2214 abiit.

211 2233 384 2301 Diomedes
410 2253 465 2318 pg.
487 2234 550 2298 513
576 2233 881 2331 proceleumaticum
903 2237 1041 2331 metrum
1063 2238 1119 2299 est

148 2319 343 2419 qualet
264 2319 343 2384 fecit
364 2316 511 2383 Serenus,
540 2317 690 2383 Eundem
711 2339 839 2384 versum
859 2318 962 2402 ipsius
983 2318 1035 2382 vel
1054 2341 1118 2402 po·

147 2409 211 2470 trus
232 2404 438 2470 librariorum
459 2424 623 2467 errore—
644 2403 683 2468 de
705 2424 770 2487 qua
790 2425 825 2467 re
847 2402 986 2468 diximus
1007 2425 1118 2486 nuper

147 2489 188 2554 ad
210 2487 328 2554 Catulli
350 2486 467 2571 LXIV,
484 2487 610 2552 235-
630 2487 758 2553 Nonius
779 2508 833 2586 pg.
854 2489 916 2553 517
939 2510 963 2552 ε.
986 2509 1016 2552 ι.
1038 2509 1118 2572 pro-

147 2574 268 2659 pariter
289 2571 441 2638 adscribit
457 2537 637 2637 (ιιιιιιιιο.ε
639 2576 772 2658 propter
793 2573 866 2638 itcr'
890 2572 959 2637 cdd.
981 2571 1118 2638 Diome-

35 2668 43 2686 '
147 2659 205 2724 dis
227 2658 343 2723 ‘abiit'
365 2654 606 2741 Lachmannus,
630 2658 735 2722 ‘abit’
758 2656 901 2741 Nonius,
931 2658 1035 2722 ³obit’
1059 2659 1117 2722 vel

148 2742 266 2808 ³obiit'
288 2740 364 2806 libri
385 2739 560 2807 Diomedis.
597 2707 646 2808 bf.
662 2741 761 2807 Hadr.
777 2743 807 2827 3,
824 2750 919 2808 3.
940 2740 1003 2808 Sed
1024 2743 1117 2808 enim

150 2848 192 2893 ne
213 2825 295 2891 illud
316 2823 445 2910 quidem
464 2826 550 2911 quod
572 2831 622 2891 est
642 2827 760 2893 ‘obiit’
783 2793 866 2892 male
887 2827 1005 2893 habere
1026 2848 1117 2892 com-

147 2912 303 3062 plsrobatur
316 2911 473 2976 versiculo
496 2915 601 3010 ‘parit
615 2912 684 2977 abit
704 2912 847 2997 aripedis
861 2912 1005 2977 animula
1024 2913 1117 2996 lepo-

242 3035 285 3044 -
307 2993 456 3061 Ceterum
477 2997 621 3061 imitatus
643 3000 692 3062 εει
712 2997 775 3062 hoc
796 3017 927 3062 carmen
947 2997 1117 3064 Ausonius

147 3020 303 3232 {aba
325 3080 481 3230 ²⁷ae¹³
438 3081 983 3265 ιεθιθιῗῗζθιιῖθὲιθιιὲιιιῗῖιι
1002 3082 1115 3149 θθθθ

147 3169 236 3318 lidae
267 3272 365 3316 vera
346 3249 438 3314 aad
468 3250 744 3334 proceleusmatici
770 3252 898 3316 numeri
930 3251 1117 3335 exemplum

147 3336 241 3400 affert
260 3335 471 3401 Terentianus
491 3355 522 3398 ι.
547 3335 630 3398 1464
655 3337 688 3398 ει
714 3339 841 3400 secutus
862 3336 950 3401 hunc
971 3335 1115 3402 Victori-

148 3439 285 3565 nurppl.
304 3420 373 3484 134.
389 3417 462 3501 202,
477 3415 599 3483 Sereno
620 3417 772 3483 adscribit
786 3417 966 3485 Martianus
974 3418 1118 3519 Capella

147 3505 242 3591 pg.l
268 3502 357 3565 led.
372 3502 475 3586 Ειεε,
497 3501 554 3584 qui
575 3501 768 3584 aliquotiens
789 3525 866 3568 usus
887 3506 1022 3571 metrico
1043 3505 1115 3573 illo.

399 3789 710 3854 ΔΑ
