2474 3886
172 217 192 281 3
529 189 532 196 ’
553 215 751 267 Huscuuns

92 386 125 434 tr.
138 385 160 434 s}
239 366 289 430 Tu
302 366 383 430 mihi
398 386 519 429 numen
534 365 596 428 eris
611 365 640 428 si
654 365 797 429 carmina
810 365 922 426 nostro
935 362 1054 427 leuaris
1061 412 1071 446 ‚

188 464 222 512 20
235 449 321 515 Nem
350 453 408 514 tua
441 450 507 514 sint
536 469 744 533 quaecunque
775 448 891 530 loquor
922 468 1138 532 quaecunque

883 551 1045 596 canemus.

173 786 227 853 IV.
253 788 331 871 Exp.
345 786 514 871 praefatio.
542 786 663 869 Incipit
676 785 847 852 allocutio.
875 785 980 850 Uerbo
992 785 1145 851 Herculis

245 893 314 942 cum
327 874 454 942 uideret
467 873 766 1047 Hydrppssteppppp‘ss
781 873 889 956 capite
901 871 1083 956 pullulare.

236 1133 383 1216 Iuppiter
398 1134 618 1216 omnipotens,
634 1133 711 1196 celsi
726 1132 911 1196 moderator
927 1132 1079 1215 Olympi,

238 1216 303 1282 Gur
317 1217 399 1280 mihi
413 1218 536 1301 uiperei
550 1216 637 1281 fetus
652 1217 737 1280 malo
751 1217 819 1280 fate
834 1215 1025 1280 minantur?

237 1301 283 1364 Te
298 1304 469 1386 regnante,
485 1323 616 1384 parens,
636 1301 671 1365 in
686 1321 737 1365 me
753 1301 901 1365 coniurat
915 1302 1028 1385 inique

238 1385 428 1468 Serpentum
442 1387 572 1450 cristata
586 1407 710 1450 monus.
740 1384 795 1449 sed
809 1383 894 1449 forte
910 1383 1040 1468 superbi

208 1483 224 1531 5
240 1470 336 1535 Necte
351 1471 474 1534 caelum
493 1475 595 1534 terras
614 1473 752 1552 pontum
766 1469 954 1552 fulmenque
970 1468 1142 1533 trisulcum

238 1553 383 1618 Heredes
399 1557 432 1616 et
445 1553 529 1616 Iuno
544 1557 672 1637 tenent,
688 1575 743 1616 seu
758 1552 901 1637 fulgidus
917 1562 990 1618 ortu

239 1637 376 1701 Proeeee's
391 1636 431 1699 cd
445 1640 546 1700 terras
561 1658 618 1701 seu
633 1638 697 1700 ism
712 1636 856 1701 defessus
870 1637 980 1702 anheli

239 1720 358 1785 Sideris
374 1741 489 1784 occasu
503 1724 644 1784 maestus
658 1725 716 1786 tus
730 1742 831 1806 regne
846 1722 1011 1805 relinquis,

238 1803 401 1887 Paenitet,
417 1805 500 1868 alme
515 1826 632 1887 parcns
667 1808 775 1869 uestra
789 1805 827 1869 de
842 1805 941 1889 stirpe
958 1809 1100 1872 creatum

191 1902 224 1950 10
238 1887 400 1971 Alcidem‚
416 1889 493 1972 quia
507 1889 617 1954 nullus
631 1855 736 1955 lroncs
752 1893 785 1955 et
798 1890 887 1953 mille
901 1890 1030 1973 pericla.

169 2052 170 2062 ἵ
238 1971 271 2037 N
272 1995 324 2036 am
336 1973 549 2056 quodcunque
560 1973 682 2038 malum
697 1995 828 2057 superas
842 1974 979 2058 emergit
989 1975 1023 2037 in
1035 1995 1146 2058 ouras,

238 2057 387 2121 Herculis
402 2057 505 2121 hostis
521 2058 590 2121 erit.
619 2079 677 2140 per
690 2079 751 2122 nos
765 2080 842 2122 nam
855 2057 941 2122 belle
956 2061 1134 2143 geruntur,

240 2141 323 2206 Iuno
339 2163 480 2206 nouerca
493 2141 604 2207 furens
622 2143 730 2226 potuit
744 2165 826 2226 quoe
840 2142 928 2206 uicte
941 2160 1055 2226 parare

240 2226 413 2311 Priuigno,
429 2230 542 2292 natum
557 2249 652 2311 quem
667 2226 857 2310 comprobat
871 2247 940 2291 esse
955 2226 1117 2293 Tonantis

193 2323 224 2372 15
239 2310 327 2375 Dum
346 2313 441 2376 nobis
462 2313 619 2376 immensa
632 2312 737 2394 iubet,
759 2332 811 2375 me
830 2331 953 2395 proque
968 2310 1146 2394 triumphis

239 2395 381 2460 Horrida
394 2395 481 2458 bella
493 2400 628 2459 manent
642 2399 675 2459 et
688 2416 856 2478 nunquam
871 2398 955 2460 ctare
970 2395 1081 2459 licebit

239 2478 342 2542 Hoste
358 2478 427 2542 sine
441 2478 649 2561 trucibusque
665 2478 720 2542 diu
740 2501 928 2544 concurrere
943 2480 1098 2544 monstris

241 2560 435 2643 Compellor.
471 2565 615 2658 genitor,
629 2567 662 2626 te
677 2563 713 2625 in
727 2568 854 2629 nosmet
870 2564 1009 2648 pessime
1023 2565 1147 2629 coniux

241 2643 422 2727 Horrescit,
437 2667 554 2710 mrsero
570 2668 696 2730 semper
710 2650 747 2711 tu
762 2669 858 2712 causa
872 2648 986 2732 pericli
1001 2669 1044 2712 es.

191 2742 224 2790 20
239 2728 325 2793 Nom
338 2729 420 2792 mihi
434 2733 598 2813 reptantes
613 2731 738 2796 tumida
753 2733 877 2796 ceruice
892 2732 1048 2796 dracones

240 2811 323 2878 Iuno
340 2813 419 2878 duos
434 2815 536 2898 mitit,
553 2816 625 2898 quis
640 2815 781 2880 frontem
797 2817 894 2880 orista
907 2817 1054 2900 tegebat,

240 2894 405 2961 Flammea
419 2897 476 2962 lux
491 2898 611 2982 oculis,
626 2921 686 2982 pro
702 2900 824 2982 spumis
838 2904 923 2964 tetro
936 2921 1078 2981 ueneno,

245 3153 455 3215 interemptione
474 3153 572 3217 pulcre
641 3157 657 3204 4
675 3171 724 3206 ono
742 3158 879 3221 eodemque
893 3161 1039 3207 octonorum
1057 3157 1150 3205 ittera-

176 3235 232 3270 rum
252 3220 338 3284 spatio
361 3225 481 3284 quattuor
502 3236 592 3271 uersus
609 3238 626 3271 α
643 3224 756 3287 maraine
773 3225 865 3273 remoti
884 3229 944 3274 eunt
959 3225 963 3280 Ι
979 3224 1055 3273 nium
1131 3225 1150 3273 8

177 3290 298 3336 maestos
356 3289 386 3336 11
406 3300 541 3350 superans
560 3303 589 3338 so
607 3289 696 3338 uincit
713 3294 875 3354 corruptelae
892 3292 965 3354 eipno
984 3304 1013 3340 sc
1032 3295 1149 3340 notatum

179 3355 211 3402 15
229 3367 338 3417 quoque
409 3355 441 3404 18
459 3357 486 3404 te
505 3356 535 3404 in
553 3353 673 3420 nosmet]
693 3363 838 3420 corruptum
856 3359 966 3407 uidetur.
998 3359 1086 3407 censui
1102 3371 1149 3406 re-

177 3421 287 3482 spondet
302 3424 341 3484 te,
360 3437 414 3472 non
433 3435 476 3471 me
539 3423 570 3472 19
589 3421 713 3472 Orrescit
769 3424 1148 3487 ecroptantieorr.13ueele.

180 3487 213 3535 22
225 3489 304 3536 tecte
321 3491 485 3554 corruptelae
502 3491 574 3554 etpno
592 3496 704 3540 notatum
722 3504 790 3539 corr.
807 3489 905 3542 Bueelt.

638 3775 936 3854 *A
