2468 3888
392 207 500 263 LIBER
521 207 718 265 SECVNDVS.
997 207 1038 271 19

79 369 236 455 Incipiunt
257 371 448 469 Appennini
471 370 592 437 devexa
612 372 729 457 videri,
1005 389 1036 439 15
1073 353 1079 366 ⁴

116 454 184 532 Qua
204 455 315 521 fremit
335 477 422 522 aeno
445 460 555 521 monte
577 457 706 541 repulsa
726 457 848 524 Thetis.

78 539 197 605 ltaliam
218 562 326 606 rerum
348 540 510 606 dominam
533 542 589 625 qui
611 542 739 628 cingere
761 543 833 608 visu

113 624 155 692 Et
176 630 279 690 totam
300 626 420 708 pariter
443 647 572 692 cernere
593 631 701 692 mente
724 628 817 712 velit,

77 708 218 775 Inveniet
240 731 380 794 quernae
403 711 541 776 similem
562 712 735 797 procedere
756 713 880 798 frondi,
940 722 942 728 ’

112 798 262 860 Artatam
283 795 420 860 laterum
442 797 654 863 conveniente
677 799 759 864 sinu.
1000 814 1033 863 20

80 877 167 945 Milia
187 880 402 966 perlongum
424 880 528 946 decies
550 887 686 948 centena
707 887 857 948 teruntur

113 968 143 1028 A
165 964 323 1051 Ligurum
344 965 438 1030 terris
460 966 501 1030 ad
522 966 606 1032 freta
628 965 790 1034 Sicaniae:

76 1048 110 1112 In
129 1051 231 1114 latum
253 1050 351 1114 variis
374 1049 529 1116 damnosa
550 1051 757 1119 amfractibus
780 1055 882 1119 intrat

113 1133 271 1219 Tyrrheni
291 1135 396 1200 rabies
418 1135 612 1220 Adriacique
636 1137 704 1202 sali.

76 1216 140 1293 Qua
160 1223 270 1284 tamen
292 1223 341 1284 est
362 1220 465 1284 iuncti
487 1221 584 1286 maris
605 1223 834 1307 angustissima
854 1223 965 1308 telluS,
1002 1237 1035 1286 25

111 1303 258 1389 Triginta
280 1307 313 1369 et
334 1309 464 1370 centnm
485 1306 575 1370 milia
596 1307 665 1371 sola
686 1310 784 1391 patet.

74 1386 221 1454 Diversae
242 1388 366 1454 medius
387 1411 482 1456 mons
505 1390 690 1475 obliquatur
711 1391 747 1455 in
768 1391 886 1475 undas,

114 1471 183 1549 Qua
203 1473 268 1538 fert
290 1478 386 1558 atque
408 1474 507 1540 refert
527 1475 678 1540 Phoebus
700 1481 835 1562 uterque
856 1477 955 1544 diem:

73 1555 117 1620 Vr
141 1562 172 1622 et
193 1557 392 1626 Dalmatioos
413 1559 484 1626 Eoo
507 1560 625 1625 vertice
647 1561 777 1646 fluctus,

23 1655 24 1674 ¹
114 1579 311 1727 daemlaque
334 1644 474 1710 occiduis
496 1644 620 1731 frangit
640 1644 778 1712 Etrusca
798 1648 892 1733 iugis.
1003 1661 1037 1711 30

23 1795 24 1806 q
76 1724 107 1790 si
127 1727 248 1792 factum
271 1732 357 1793 certa
378 1730 534 1794 mundum
554 1731 680 1796 ratione
701 1731 855 1818 fatemur,
911 1789 913 1794 .

111 1809 352 1896 Consiliumque
374 1813 425 1879 dei
447 1815 596 1880 maehina
617 1819 709 1882 tanta
730 1817 809 1901 fuit3

72 1894 220 1961 Excubiis
242 1897 328 1962 Latii
349 1900 530 1982 praetexuit
551 1901 784 1984 Appenninum

112 1980 321 2066 Claustraque
343 1985 506 2048 montanis
527 1984 582 2048 vix
604 1983 749 2050 adeunda
770 1986 841 2051 viis,

72 2064 226 2131 Invidiam
248 2067 358 2132 timuit
378 2071 495 2133 natura
515 2089 692 2153 parumque
714 2070 841 2153 putavit
1002 2086 1035 2134 35

112 2152 240 2216 Arctois
262 2151 362 2236 Alpes
385 2153 573 2237 opposuisse
595 2153 706 2217 minis:

74 2233 158 2300 Sicut
178 2237 312 2301 vallavit
333 2238 442 2302 multis
464 2237 575 2302 vitalia
596 2237 762 2323 membris,

111 2319 178 2386 Nec
201 2322 299 2386 semel
320 2322 467 2406 inclusit,
491 2343 572 2406 quae
594 2323 735 2406 pretiosa
755 2323 840 2387 tulit.

73 2403 137 2468 Iam
158 2410 227 2470 turn
249 2405 420 2490 multiplici
442 2408 560 2472 meruit
581 2408 759 2472 munimine
780 2407 868 2492 cingi

114 2488 338 2574 sollicitosque
360 2491 475 2555 habuit
495 2490 600 2557 Roma
620 2492 730 2557 futura
750 2491 847 2557 Deos.
1001 2508 1036 2556 40

76 2571 141 2648 Quo
162 2575 266 2660 magis
288 2579 337 2640 est
357 2575 483 2640 facinus
506 2575 567 2640 dini
589 2575 777 2642 Stilichonis
800 2579 964 2664 acerbum,

111 2658 260 2724 Proditor
282 2661 390 2725 arcani
413 2661 469 2744 qui
491 2661 555 2725 fuit
575 2663 712 2746 imperii.

73 2739 214 2810 Romano
237 2745 348 2829 generi
371 2745 447 2832 dum
468 2746 585 2810 nititur
599 2769 674 2811 esse
696 2751 872 2832 superstes,

113 2826 256 2893 Crudelis
278 2831 410 2895 summis
431 2831 560 2906 miscuit
580 2832 646 2896 ima
666 2831 771 2896 furor:

73 2908 217 2997 Dumque
239 2915 347 2998 timet,
371 2915 526 3000 quidquid
549 2937 582 2980 se
605 2915 727 2980 fecerat
747 2917 816 3000 ipse
837 2918 960 3003 timeri,
1002 2932 1036 2980 45

111 2997 248 3063 Immisit
268 2999 379 3064 Latiae
400 3001 537 3065 barbara
558 3000 623 3064 tela
644 3001 725 3066 neci.

72 3077 254 3148 Visceribus
276 3084 371 3149 nudis
393 3089 551 3150 armatum
574 3085 717 3150 condidit
738 3086 880 3172 hostem,

111 3166 221 3232 Illatae
245 3169 342 3233 cladis
364 3170 513 3235 liberiore
536 3169 620 3235 dolo.
776 3184 779 3190 '

71 3246 142 3333 Ipsa
163 3253 355 3318 satellitibus
376 3254 496 3338 pellitis
517 3253 622 3320 Roma
641 3257 788 3339 patebat,

110 3334 154 3401 Et
175 3338 303 3422 captiva
324 3339 428 3422 prius,
451 3361 547 3423 quam
569 3344 750 3425 caperetur,
767 3343 843 3404 erat.
1002 3355 1036 3404 50

71 3414 136 3485 Neo
157 3425 285 3487 tantum
308 3423 428 3488 Geticis
450 3429 612 3508 grassatur
634 3424 780 3508 proditor
801 3425 913 3490 armis:

111 3508 196 3572 Ante
219 3507 396 3591 Sibyllinae
418 3508 486 3574 fata
507 3509 661 3573 cremavit
682 3509 762 3593 opis.

794 3627 832 3681 2*
