2474 3886
471 233 497 283 x
515 234 650 284 rec-reo
1003 233 1044 298 75

144 383 281 448 Dixerat
295 385 328 446 et
341 385 428 446 terra
442 381 611 464 strepitum
625 381 830 446 tremibunda
844 383 964 467 ciebat,

144 468 215 542 Quo
232 469 365 531 steterat
377 465 492 529 Medea
504 465 576 530 loco
592 466 715 529 telluris
730 465 822 530 hiatu

144 552 303 616 Finditur.
332 551 488 615 attonitas
503 549 640 615 inclinat
654 551 777 614 cautior
792 571 884 615 aures

143 636 187 701 Et
202 655 337 721 surgens
353 633 534 698 ‘audimur'
551 634 598 698 ait
611 639 705 699 ‘nam
722 638 808 700 terra
822 637 999 718 tremescit,

77 734 130 784 465
142 719 286 785 Uerbera
304 717 514 804 plaudentem
528 723 682 805 resonant
694 741 753 803 per
767 720 864 784 inane
879 741 1042 806 sororum,

144 803 245 870 Sibila
259 804 398 888 uipereis
413 803 543 867 uibrant
557 803 616 867 sub
631 802 780 868 dentibus
795 825 926 890 angues.

142 889 207 954 Res
221 889 337 953 melior
350 892 541 972 tempusque
556 892 667 953 monet
680 887 828 952 redeatur
844 890 884 953 ad
899 890 1027 974 urbem,

142 977 231 1038 Ante
244 977 355 1038 tamen
369 973 469 1036 fluuio
485 993 601 1055 corpus
615 977 780 1058 mergatur
795 977 827 1038 et
840 973 962 1038 undis’

144 1057 236 1132 Quod
250 1079 346 1144 maga
361 1057 543 1141 digrediens
558 1079 633 1122 mox
645 1057 770 1140 perficit
781 1061 815 1122 et
826 1059 909 1142 petit
920 1058 1042 1124 urbem.

76 1155 130 1205 470
141 1141 244 1208 Exilii
256 1144 382 1207 interea
395 1144 538 1206 tecturus
553 1141 683 1206 Lucifer
697 1146 783 1206 astra
880 1193 889 1206 ,

143 1225 286 1291 Puniceo
301 1229 475 1310 prouectus
490 1245 573 1309 equo
589 1227 768 1309 rutilusque
783 1226 969 1311 micansque

146 1310 310 1376 Concusso
325 1311 365 1375 de
378 1311 467 1374 crine
482 1310 575 1374 iubar
589 1309 740 1374 diffundit
754 1311 789 1374 in
805 1310 915 1374 orbem

144 1395 352 1480 Flammigeri
366 1415 475 1459 roseas
489 1393 683 1478 praecedens
698 1393 775 1458 solis
791 1393 925 1458 abenas:

146 1479 304 1563 Coeperat
318 1479 393 1543 aula
407 1478 496 1542 ducis
511 1479 648 1562 strepitu
661 1499 812 1543 resonare
828 1478 990 1544 clientum.

79 1578 131 1626 475
143 1564 213 1629 lam
227 1564 379 1628 Phoebus
394 1562 568 1627 scandebat
583 1584 682 1646 equos
697 1566 730 1626 et
743 1563 814 1628 luce
829 1564 965 1629 rubebat

143 1649 223 1714 Post
236 1652 365 1713 noctem
380 1651 518 1712 uentura
532 1647 613 1730 dies,
629 1647 694 1712 iarn
708 1651 793 1712 tecta
808 1646 957 1714 Creontis

143 1733 192 1798 Re
218 1733 287 1797 ‘bus
301 1732 493 1816 implentur,
509 1733 574 1796 iam
588 1733 735 1816 proxima
749 1733 842 1819 uirgo
858 1734 974 1798 marito

143 1816 184 1883 Sc
208 1822 277 1882 erat
290 1820 323 1881 et
335 1817 462 1882 tabulas
477 1817 599 1881 calamo
614 1818 759 1882 sulcabat
772 1818 879 1883 Iason.

143 1900 367 1966 ‘Conuentum
382 1904 592 1985 pactumque'
608 1906 703 1966 sonat
718 1903 860 1988 ‘signate
875 1903 1026 1968 tabellas'

76 2001 129 2051 480
138 1986 281 2052 Horrida
294 1985 448 2050 Tartareo
463 1987 597 2050 ueniens
613 1987 651 2050 de
666 1989 794 2072 gurgite
810 1988 903 2073 uirgo

142 2071 320 2155 Tisiphone
336 2072 528 2155 signumque
543 2072 663 2155 premit
676 2073 789 2156 ganisa
802 2071 967 2156 Megaera,

142 2156 271 2220 Allecto
286 2156 377 2219 testis
393 2176 480 2219 ceras
496 2155 664 2220 adamante
679 2156 821 2238 notauit,
1055 2181 1088 2234 [p.
1101 2178 1136 2228 ce]

143 2240 315 2325 Anguibus
331 2239 500 2304 horrendis
515 2261 573 2323 per
587 2240 677 2324 regia
691 2242 777 2303 tecta
791 2240 967 2324 flagellant.

141 2323 271 2388 Interea
287 2323 401 2388 Medea
415 2346 535 2388 nouam
550 2324 689 2388 formare
705 2345 858 2389 coronam

76 2421 129 2472 485
145 2408 303 2492 Coeperat
318 2414 350 2472 et
362 2409 470 2472 niueis
482 2409 638 2474 miscebat
656 2409 811 2492 sulphura
826 2408 922 2472 ceris:

143 2493 206 2558 Pin
220 2497 252 2557 et
266 2496 383 2577 stuppa
397 2493 493 2577 ligat,
509 2494 632 2576 species
647 2494 702 2557 dat
717 2495 869 2576 quattuor
884 2493 961 2558 artis

142 2577 288 2642 Mascula
301 2581 374 2642 tura
390 2598 548 2660 cremans,
565 2578 666 2642 sterili
681 2577 791 2642 suffire
807 2599 957 2662 cypresso

144 2661 230 2726 Cura
244 2662 307 2726 fuit
322 2683 483 2746 cyproque
497 2662 579 2746 ligat
594 2663 681 2745 quod
695 2662 854 2748 naufraga
867 2664 986 2748 puppis

143 2745 342 2828 Perdiderat,
359 2747 490 2810 cristata
504 2768 617 2810 manus
633 2747 756 2810 sancire
770 2746 915 2831 iubetur,

75 2843 131 2892 490
143 2829 299 2895 Lambere
314 2831 467 2895 caeruleis
480 2831 628 2914 permisit
642 2833 727 2894 serta
741 2831 880 2896 cerastis.

145 3054 196 3102 461
224 3051 343 3118 spatium
365 3068 435 3104 corr.
458 3051 554 3102 Bacch.
639 3053 689 3101 462
711 3053 805 3104 hiatus
828 3055 862 3114 cf.
887 3054 969 3105 Ore-rt.
989 3058 1042 3104 473

70 3122 127 3171 465
146 3120 230 3170 niano
293 3121 343 3170 466
362 3119 458 3183 Sibyla
518 3122 566 3169 471
586 3127 732 3183 prcuectus
751 3121 930 3174 corr-,Burri
991 3123 1042 3171 472

71 3189 104 3237 ni
175 3189 225 3237 475
247 3187 343 3237 ruebat
360 3202 428 3239 corr.
447 3187 543 3241 Bacch.
616 3189 666 3238 479
686 3187 855 3238 Conueotum
873 3205 889 3254 γ
905 3187 909 3252 Ι
925 3189 1040 3248 sonant!

70 3256 170 3319 signat
192 3270 260 3305 corr.
279 3254 375 3304 Buecb.
396 3262 457 3318 post
481 3257 576 3319 signat
593 3271 659 3304 eruor
681 3258 786 3321 appioeu
809 3263 848 3306 est
871 3272 936 3320 qaae
955 3258 1042 3305 ecdem

69 3329 137 3372 ante
154 3338 253 3374 uersum
267 3323 423 3386 completior
473 3324 522 3373 481
542 3322 698 3388 Tesiphone
750 3324 800 3372 482
818 3321 941 3372 Allectos
991 3324 1043 3374 484

69 3396 136 3440 ante
159 3403 288 3440 coronam
312 3391 410 3440 literae.
423 3391 613 3454 conspiciantur
635 3405 670 3440 no
695 3393 743 3441 recl
768 3398 912 3454 expunctae
993 3393 1043 3442 487

68 3456 174 3507 Bueeb.
185 3459 265 3508 uoluit
283 3461 387 3507 cremat
446 3459 497 3508 488
513 3459 575 3521 fort.
590 3459 698 3508 curauit
713 3457 718 3522 1
733 3465 793 3508 cute
811 3459 909 3522 puppis
928 3461 1044 3524 reperatur

68 3538 162 3589 cypus
180 3527 229 3575 recl
244 3531 374 3590 expuncta
