2468 3888
584 190 724 246 AVITVS.

377 355 566 439 plerumque
588 376 648 418 nec
670 375 799 418 carmen
820 353 932 436 modo,

379 438 434 504 scd
456 443 488 504 et
509 438 662 504 volumen
683 439 830 522 explicat.

380 530 416 589 ut
436 524 561 607 pridem
582 524 699 588 Avitus
721 523 860 607 Alphius

378 610 478 674 libros
500 613 597 692 poeta
618 608 782 692 plusculos

378 716 454 758 usus
477 694 612 759 dimetro
634 693 759 776 perpeti

380 779 553 844 conscribit
574 778 807 844 excellentium.

574 929 616 982 Ex
633 929 705 984 libro
723 929 745 983 Ι.

178 1039 205 1100 1.
377 1031 505 1116 marite,
528 1033 555 1096 si
578 1031 708 1118 sanguis
732 1029 839 1112 Curis,

379 1116 498 1182 Sabina
519 1117 547 1181 si
569 1116 679 1182 caedes
701 1116 821 1200 placet,

377 1203 413 1266 in
433 1224 499 1285 mo,
522 1223 595 1285 oro,
617 1204 785 1267 convertas
806 1221 930 1265 manus.

242 1287 339 1372 Apud
354 1287 555 1352 Priscianum
600 1307 630 1372 g.
648 1286 710 1350 633
732 1289 807 1369 post
827 1283 884 1349 illa
906 1289 1004 1348 <nunc
1026 1285 1063 1348 in
1086 1307 1158 1350 usu

177 1396 246 1440 non
268 1377 354 1438 sunt'
378 1372 507 1456 quidam
531 1309 598 1437 edri
621 1371 700 1435 haec
722 1368 858 1434 addunt:
881 1369 1026 1453 Alpheus
1047 1370 1156 1519 grona

178 1458 379 1544 Bondamus)
407 1461 517 1521 tamen
544 1456 661 1520 Avitus
689 1456 724 1520 in
751 1454 768 1519 I
796 1454 1020 1518 excellentium
1078 1458 1157 1521 uris

175 1545 283 1628 posuit
303 1566 362 1627 pro
386 1540 501 1617 Quiris

564 1691 606 1744 Ex
623 1691 696 1744 libro
715 1691 751 1747 Il.

174 1798 204 1860 2.
376 1797 447 1858 tum
468 1793 628 1857 litterator
649 1792 787 1858 creditos

377 1877 454 1942 ludo
477 1877 637 1942 Faliscum
659 1877 778 1942 liberos

379 1966 527 2028 causatus
548 1962 584 2027 in
606 1963 711 2047 campi
732 1967 846 2047 patens

379 2053 551 2132 exteraque
573 2048 657 2113 muri
680 2047 794 2113 ducere

379 2132 547 2219 spatiando
570 2133 726 2217 paulatim
748 2132 849 2198 trahit

377 2219 504 2284 hostilis
526 2218 567 2283 ad
587 2218 665 2283 valli
686 2218 780 2282 latus.

240 2305 424 2371 Priscianus
445 2325 499 2389 pg.
523 2303 599 2369 823:
622 2302 702 2367 illud
723 2306 833 2369 tamen
854 2303 1033 2386 sciendum,
1057 2307 1156 2388 quod
1230 2371 1231 2382 2

178 2392 213 2455 in
236 2413 254 2455 o
278 2391 394 2475 supina
421 2394 488 2454 tam
516 2388 694 2472 corripiunt
715 2410 812 2473 quam
833 2387 1015 2471 producunt
1036 2393 1156 2454 auoto—
1230 2397 1231 2445 l

176 2498 227 2540 res
241 2497 331 2540 more
346 2477 518 2539 verborum
534 2474 601 2536 sive
624 2473 848 2539 adverbiorum
870 2473 906 2536 in
928 2494 947 2537 ο
969 2473 1154 2539 terminan-

174 2561 267 2625 tium.
296 2559 435 2642 Alphius
450 2557 567 2621 Avitus
589 2557 624 2621 in
645 2558 678 2623 Π
699 2558 932 2623 excellentium.
948 2596 991 2606 —
1010 2555 1052 2622 V.
1068 2560 1090 2623 5
1105 2562 1155 2624 ad

175 2644 309 2709 eandem
323 2665 391 2706 rem
428 2640 603 2706 robandam
619 2643 716 2707 etiam
728 2642 859 2707 adhibet
869 2642 1087 2726 Priscianusp
1144 2697 1152 2710 .
1229 2656 1230 2707 l

175 2729 247 2794 809.
266 2728 357 2792 1136.
388 2665 602 2811 “ἓκῒθω(1ιιο’
614 2726 861 2825 'Lachmannus
878 2731 1069 2811 ‘extraque'·
1089 2665 1152 2793 dd.

175 2815 204 2879 3.
377 2833 433 2877 scu
454 2816 523 2877 tute
545 2813 637 2877 mahs
659 2812 719 2878 hos
743 2813 803 2877 ites

377 2919 433 2962 seu
454 2902 523 2963 tute
546 2899 707 2983 captivos,
754 2899 821 2963 abe.

238 2980 422 3047 Priscianus
443 3004 497 3067 pg.
520 2983 582 3047 947
604 2983 661 3047 ubi
683 2983 729 3047 ait
750 2981 783 3046 id
827 2981 891 3047 uod
912 2987 962 3046 est
981 2986 1051 3047 tute
1074 3003 1155 3047 cor-

175 3071 267 3151 repta
289 3087 356 3130 osse
377 3067 469 3132 finali
490 3067 569 3132 haec
590 3067 705 3132 habet:
735 3068 795 3130 ‘Al
842 3068 892 3132 ius
914 3067 1031 3132 Avitus
1053 3067 1089 3130 in
1111 3067 1154 3134 Π
1227 3117 1228 3120 ,

176 3151 399 3216 excellentium
421 3155 495 3216 ‘seu
517 3156 603 3216 tute'
626 3173 652 3216 e.
676 3173 706 3235 q.
730 3173 754 3216 s.
796 3090 883 3218 bunt
905 3152 992 3216 enim
1014 3152 1155 3220 dimetri

176 3237 314 3302 iambici.
332 3276 370 3285 —
395 3236 524 3300 ‘Habe'
548 3235 709 3318 Valesius,
732 3236 866 3302 ‘habes’
890 3236 958 3301 odd.
983 3236 1155 3323 (adhaesit
1226 3279 1227 3334 p

176 3342 251 3382 sex
272 3321 419 3402 proximo
447 3320 629 3404 vocabulo).
664 3319 753 3384 Idem
775 3321 905 3385 criticus
927 3322 1034 3386 minus
1056 3327 1154 3390 recte

176 3406 307 3485 utputo
324 3404 380 3467 illa
403 3402 540 3466 ‘mavis’
564 3407 596 3465 et
619 3403 792 3466 ‘obsidesz
824 3401 907 3469 Sunt
921 3409 1030 3470 autem
1044 3407 1156 3474 verba

175 3484 363 3550 litteratoris
385 3488 425 3550 ad
447 3487 673 3567 imperatorem
694 3485 885 3551 Romanum.

461 3785 770 3850 ᾼΑ
