2474 3886
478 211 519 262 1x
539 214 672 263 135-194
1018 206 1062 276 57

160 363 195 428 Si
210 384 273 446 que
287 362 394 427 iacent
408 360 552 444 dispersa
566 362 643 426 solis
659 362 804 426 ostendet
819 365 852 426 et
866 364 961 428 ambo

90 459 145 510 165
162 447 320 512 Ournibus
334 444 504 510 Hectoreis
520 445 662 530 defigent
675 446 785 510 oscula
799 446 923 530 flentes,

161 531 224 596 Ore
241 533 409 595 cruentato
424 551 560 614 puerum
575 531 670 594 simul
686 531 780 594 ambo
795 531 977 604 monebunt

161 615 280 692 Oscula
295 613 350 678 det
362 614 529 679 membris:
546 614 680 678 ‘laceros
695 614 887 697 ubicumque
901 615 1017 679 iacere'

159 699 256 764 Dicet
270 719 352 795 auus
364 720 465 782 puero
482 702 585 780 ‘pater
599 703 648 762 est
663 720 743 782 quos
759 697 877 762 uideris
893 703 1003 764 artus’.

120 797 125 802 ’
161 783 305 848 Motibus
318 781 370 846 his
385 783 413 846 si
427 782 519 846 nulle
532 783 624 846 uenit
637 783 767 866 pietatis
782 783 848 847 imo
871 805 900 861 o,
971 831 975 844 ,

94 880 148 931 170
163 868 281 950 Aspice
297 866 374 949 quid
387 865 511 930 faciunt
524 867 642 931 coniux
656 871 748 950 peter
761 804 896 931 Hecuiro
910 871 1006 932 natus

161 951 206 1016 Ht
219 950 407 1034 pudibunde
421 971 521 1015 soror.
543 951 690 1016 Priamus
705 953 790 1017 iacet
804 952 913 1016 oscula
927 951 1049 1036 plantis

161 1035 231 1100 Rex
246 1035 354 1098 senior
369 1034 447 1098 dans
462 1034 531 1117 ipse
546 1035 610 1098 tuis
625 1057 685 1099 nee
699 1039 793 1119 turpe
808 1037 944 1119 putabet

163 1117 257 1194 Quod
271 1119 423 1182 miserum
437 1117 570 1183 fortuna
585 1120 683 1184 iubet.
711 1120 788 1183 hinc
802 1121 896 1206 uirgo
911 1119 1028 1203 pudice

162 1204 360 1286 Astyanacta
373 1206 488 1266 tenens
503 1225 640 1286 paruum
655 1225 753 1287 super
765 1203 908 1268 Hectora
923 1205 1018 1287 ponit

95 1297 148 1350 176
163 1287 209 1352 Et
223 1309 357 1371 puerum
372 1285 488 1350 deflere
504 1287 606 1368 docet,
623 1288 677 1351 sed
691 1289 845 1370 paruulus
861 1291 953 1371 optat

92 1411 95 1414 -
162 1371 213 1436 Ire
228 1393 288 1435 nee
303 1371 436 1434 extincti
452 1372 620 1456 cognoscit
633 1371 749 1434 funere
763 1373 873 1454 patris.

162 1455 236 1520 Heu
250 1455 392 1518 lacerum
406 1477 482 1519 nam
494 1477 610 1540 corpus
623 1459 701 1536 erut,
717 1454 804 1540 quod
819 1459 921 1519 mater
936 1459 969 1518 et
983 1478 1065 1521 uxor

165 1539 358 1623 Complexse
373 1559 432 1622 per
446 1540 530 1604 collo
543 1543 657 1604 tenent
672 1544 704 1604 et
717 1540 853 1603 uulnera
867 1539 944 1603 ferri

135 1619 148 1629 '
163 1622 227 1687 Per
240 1624 363 1688 laceros
378 1626 466 1687 artus
481 1645 638 1708 generoso
653 1624 688 1688 in
704 1644 838 1707 corpore
853 1627 1021 1708 quaerunt.

97 1721 151 1771 180
167 1705 230 1772 Sed
244 1706 321 1790 quid
336 1706 431 1771 dorsa
444 1707 507 1770 uiri
522 1708 679 1791 palpant?
701 1708 820 1772 iniuria
834 1711 962 1774 constet

163 1791 365 1876 Magnanimi
380 1791 522 1856 iuuenis:
537 1793 667 1878 plegem
682 1814 746 1876 que
762 1792 903 1858 concidit
917 1792 1039 1857 Hector
1072 1813 1103 1862 n.
1118 1811 1153 1863 u]

163 1875 208 1940 Et
221 1875 339 1939 uulnus
354 1876 382 1938 si
395 1895 490 1939 nosse
505 1877 621 1960 placet,
636 1880 761 1941 uersate
776 1877 927 1960 supinum

165 1957 289 2042 Corpus
305 1962 337 2022 et
352 1960 448 2023 occisi
462 1963 641 2025 tractentur
654 1965 787 2044 pectore
801 1961 896 2046 regis,

162 2043 337 2108 inuenient
351 2064 474 2128 ungues
490 2050 611 2128 quanto
628 2045 791 2109 descendit
804 2045 897 2108 hiatu

97 2139 150 2190 185
165 2126 267 2191 Hasta
282 2130 398 2209 potens
414 2131 633 2211 quantumque
649 2127 736 2191 dedit
750 2128 919 2192 uulcanius
934 2129 1029 2192 ensis.

166 2210 252 2275 Nam
267 2211 353 2293 quod
367 2214 459 2296 terge
473 2212 590 2289 ferunt,
606 2211 668 2276 hoo
684 2233 794 2276 currus
809 2211 889 2277 feeit
902 2212 1040 2278 Achillis

164 2293 250 2358 Dum
265 2294 367 2358 trahit
380 2297 513 2360 extincti
528 2296 655 2360 iuuenis
669 2317 727 2379 per
742 2317 819 2360 saxa
830 2297 979 2378 cadauer,

166 2379 210 2444 Et
225 2379 354 2442 domino
371 2381 435 2444 ium
451 2379 568 2444 damna
582 2383 698 2464 purant
713 2379 752 2444 de
765 2379 879 2444 funere
894 2383 1007 2444 tracte.

165 2462 307 2527 Hectore
321 2463 474 2527 mirantes
488 2465 561 2548 plus
576 2468 609 2528 te
624 2464 800 2547 laudamus,
816 2464 969 2547 Achilles,

98 2559 152 2609 190
167 2549 199 2610 Α
214 2568 278 2630 quo
293 2547 398 2612 uictus
414 2548 497 2613 obit:
513 2550 611 2613 finem
626 2548 675 2632 ds,
685 2569 742 2612 *me
791 2571 818 2633 e,
834 2548 952 2614 dolori.

164 2631 209 2696 Et
222 2635 296 2714 post
310 2631 487 2696 uindictam
501 2633 632 2696 ueniam
646 2653 743 2697 conoe
767 2655 784 2698 e
799 2638 966 2718 perempto

164 2713 227 2790 Qui
241 2735 362 2799 poenas
377 2717 413 2779 in
426 2716 498 2780 luce
513 2716 608 2781 dedit.
644 2717 708 2780 iem
723 2717 847 2800 respice
862 2719 949 2782 mitis

165 2801 363 2882 Astyanacta
377 2799 499 2882 uidens,
514 2800 632 2884 Pyrrhi
646 2799 795 2864 succedet
809 2801 917 2885 imago
1031 2805 1033 2808 ’

165 2884 253 2947 Ante
268 2884 377 2948 oculos
394 2883 509 2948 dilecte
523 2885 593 2968 tibi,
609 2883 793 2968 Priamique
808 2889 955 2949 senectus

170 3087 219 3136 164
237 3089 339 3138 sororis
359 3087 425 3137 solis
442 3092 517 3153 posui
528 3091 645 3139 temerius
653 3091 769 3152 sortasse
781 3107 855 3154 quom
866 3091 962 3140 rectius
1017 3091 1067 3141 165

98 3151 225 3219 defigunt
247 3171 314 3206 corr.
337 3154 434 3205 Bueet.
511 3159 560 3207 166
582 3158 733 3206 manebant
754 3173 823 3210 corr.
846 3157 942 3208 Buect.
1019 3159 1068 3207 169

98 3220 233 3272 Mortibus
251 3239 321 3273 corr.
339 3221 435 3273 Bueot.
491 3227 537 3275 170
556 3223 643 3274 ecubs
700 3225 749 3274 174
765 3239 871 3289 ponens
890 3239 959 3279 corr,
970 3223 1066 3280 Buect,

136 3288 185 3338 176
202 3289 318 3340 humere
405 3292 454 3342 184
473 3290 602 3341 descendi
625 3289 704 3356 (corr.
722 3307 757 3342 eae
784 3291 920 3355 discendi)
945 3292 978 3354 ef.
997 3289 1067 3346 Stat.

103 3355 182 3406 Theb.
204 3355 259 3408 XII
285 3359 336 3408 340
413 3359 461 3409 186
488 3359 623 3408 dederunt
647 3356 651 3422 Ι
671 3358 786 3410 Achillis
813 3373 882 3408 corr.
911 3375 946 3409 ex
974 3358 1068 3409 Achil·

98 3422 140 3474 les
210 3426 258 3476 187
275 3425 386 3474 iuuenis
405 3441 472 3475 corr.
491 3442 526 3477 ecc
543 3426 655 3476 iunonis
724 3428 772 3477 193
789 3425 976 3492 Astiunactal
997 3427 1068 3478 molis

99 3491 200 3556 uigens
269 3493 318 3542 194
336 3491 448 3545 delecta
