<?xml version="1.0" encoding="UTF-8"?>
<!DOCTYPE html PUBLIC "-//W3C//DTD XHTML 1.0 Transitional//EN"
    "http://www.w3.org/TR/xhtml1/DTD/xhtml1-transitional.dtd">
<html xmlns="http://www.w3.org/1999/xhtml" xml:lang="en" lang="en">
 <head>
  <title>
</title>
<meta http-equiv="Content-Type" content="text/html;charset=utf-8" />
  <meta name='ocr-system' content='tesseract 3.04.00' />
  <meta name='ocr-capabilities' content='ocr_page ocr_carea ocr_par ocr_line ocrx_word'/>
</head>
<body>
  <div class='ocr_page' id='page_1' title='image "./dracontiicarmin01dracgoog_0081.png"; bbox 0 0 2474 3886; ppageno 0'>
   <div class='ocr_carea' id='block_1_1' title="bbox 484 198 1045 264">
    <p class='ocr_par' dir='ltr' id='par_1_1' title="bbox 484 198 1045 264">
     <span class='ocr_line' id='line_1_1' title="bbox 484 198 1045 264; baseline 0.002 -18"><span class='ocrx_word' id='word_1_1' title='bbox 484 198 510 246; x_wconf 82' lang='lat' dir='ltr'>x</span> <span class='ocrx_word' id='word_1_2' title='bbox 528 203 644 251; x_wconf 83' lang='lat' dir='ltr'><strong>cc—nc</strong></span> <span class='ocrx_word' id='word_1_3' title='bbox 1003 199 1045 264; x_wconf 77' lang='lat'><strong>53</strong></span> 
     </span>
    </p>
   </div>
   <div class='ocr_carea' id='block_1_2' title="bbox 73 303 1227 2959">
    <p class='ocr_par' dir='ltr' id='par_1_2' title="bbox 142 303 966 433">
     <span class='ocr_line' id='line_1_2' title="bbox 142 303 966 433; baseline 0.001 -21"><span class='ocrx_word' id='word_1_4' title='bbox 142 347 189 412; x_wconf 90' lang='lat' dir='ltr'><strong>Ut</strong></span> <span class='ocrx_word' id='word_1_5' title='bbox 202 347 337 432; x_wconf 82' lang='lat' dir='ltr'><strong>pelagus</strong></span> <span class='ocrx_word' id='word_1_6' title='bbox 353 349 486 412; x_wconf 87' lang='lat' dir='ltr'><strong>caluisse</strong></span> <span class='ocrx_word' id='word_1_7' title='bbox 502 348 605 431; x_wconf 80' lang='lat' dir='ltr'><strong>uidet,</strong></span> <span class='ocrx_word' id='word_1_8' title='bbox 629 348 699 412; x_wconf 87' lang='lat' dir='ltr'><strong>‘hic</strong></span> <span class='ocrx_word' id='word_1_9' title='bbox 714 303 838 433; x_wconf 61' lang='lat' dir='ltr'><strong>aligeri</strong></span> <span class='ocrx_word' id='word_1_10' title='bbox 850 349 966 432; x_wconf 90' lang='lat' dir='ltr'><strong>inquit</strong></span> 
     </span>
    </p>

    <p class='ocr_par' dir='ltr' id='par_1_3' title="bbox 91 431 1227 853">
     <span class='ocr_line' id='line_1_3' title="bbox 91 431 1042 516; baseline 0.006 -22"><span class='ocrx_word' id='word_1_11' title='bbox 91 445 125 494; x_wconf 85' lang='lat'><strong>90</strong></span> <span class='ocrx_word' id='word_1_12' title='bbox 141 431 221 506; x_wconf 66' lang='lat' dir='ltr'><strong>*Hic</strong></span> <span class='ocrx_word' id='word_1_13' title='bbox 235 433 316 496; x_wconf 87' lang='lat' dir='ltr'><strong>latet</strong></span> <span class='ocrx_word' id='word_1_14' title='bbox 329 431 461 496; x_wconf 89' lang='lat' dir='ltr'><strong>Idalius.</strong></span> <span class='ocrx_word' id='word_1_15' title='bbox 488 433 544 496; x_wconf 90' lang='lat' dir='ltr'><strong>sed</strong></span> <span class='ocrx_word' id='word_1_16' title='bbox 557 453 626 496; x_wconf 92' lang='lat' dir='ltr'><strong>non</strong></span> <span class='ocrx_word' id='word_1_17' title='bbox 641 433 734 515; x_wconf 82' lang='lat' dir='ltr'><strong>latet,</strong></span> <span class='ocrx_word' id='word_1_18' title='bbox 750 453 891 516; x_wconf 86' lang='lat' dir='ltr'><strong>aequora</strong></span> <span class='ocrx_word' id='word_1_19' title='bbox 905 435 1042 500; x_wconf 82' lang='lat' dir='ltr'><strong>seruent.</strong></span> 
     </span>
     <span class='ocr_line' id='line_1_4' title="bbox 140 515 967 602; baseline 0.002 -22"><span class='ocrx_word' id='word_1_20' title='bbox 140 520 294 602; x_wconf 77' lang='lat' dir='ltr'><strong>Agnosco</strong></span> <span class='ocrx_word' id='word_1_21' title='bbox 311 517 444 580; x_wconf 83' lang='lat' dir='ltr'><strong>stridere</strong></span> <span class='ocrx_word' id='word_1_22' title='bbox 459 515 578 581; x_wconf 82' lang='lat' dir='ltr'><strong>fretum</strong></span> <span class='ocrx_word' id='word_1_23' title='bbox 594 538 649 582; x_wconf 86' lang='lat' dir='ltr'><strong>ceu</strong></span> <span class='ocrx_word' id='word_1_24' title='bbox 667 515 818 582; x_wconf 90' lang='lat' dir='ltr'><strong>Phoebus</strong></span> <span class='ocrx_word' id='word_1_25' title='bbox 833 517 967 582; x_wconf 87' lang='lat' dir='ltr'><strong>anhelos</strong></span> 
     </span>
     <span class='ocr_line' id='line_1_5' title="bbox 142 600 1227 690; baseline 0.003 -25"><span class='ocrx_word' id='word_1_26' title='bbox 142 600 271 666; x_wconf 86' lang='lat' dir='ltr'><strong>Oceano</strong></span> <span class='ocrx_word' id='word_1_27' title='bbox 287 600 395 666; x_wconf 88' lang='lat' dir='ltr'><strong>demer</strong></span> <span class='ocrx_word' id='word_1_28' title='bbox 419 601 446 666; x_wconf 90' lang='lat' dir='ltr'><strong>it</strong></span> <span class='ocrx_word' id='word_1_29' title='bbox 460 622 569 684; x_wconf 83' lang='lat' dir='ltr'><strong>equos,</strong></span> <span class='ocrx_word' id='word_1_30' title='bbox 585 622 658 664; x_wconf 90' lang='lat' dir='ltr'><strong>cum</strong></span> <span class='ocrx_word' id='word_1_31' title='bbox 674 604 769 666; x_wconf 87' lang='lat' dir='ltr'><strong>nocte</strong></span> <span class='ocrx_word' id='word_1_32' title='bbox 783 601 969 685; x_wconf 88' lang='lat' dir='ltr'><strong>propinqua</strong></span> <span class='ocrx_word' id='word_1_33' title='bbox 1049 640 1082 690; x_wconf 81' lang='lat' dir='ltr'><strong>[r-</strong></span> <span class='ocrx_word' id='word_1_34' title='bbox 1096 640 1132 690; x_wconf 69' lang='lat'><strong>30]</strong></span> <span class='ocrx_word' id='word_1_35' title='bbox 1226 651 1227 654; x_wconf 63' lang='lat'>,</span> 
     </span>
     <span class='ocr_line' id='line_1_6' title="bbox 140 622 1227 769; baseline 0.002 -21"><span class='ocrx_word' id='word_1_36' title='bbox 140 685 235 750; x_wconf 89' lang='lat' dir='ltr'><strong>Luna</strong></span> <span class='ocrx_word' id='word_1_37' title='bbox 248 685 340 750; x_wconf 88' lang='lat' dir='ltr'><strong>uenit</strong></span> <span class='ocrx_word' id='word_1_38' title='bbox 354 622 504 749; x_wconf 68' lang='lat' dir='ltr'><strong>stellante</strong></span> <span class='ocrx_word' id='word_1_39' title='bbox 518 685 595 769; x_wconf 93' lang='lat' dir='ltr'><strong>polo</strong></span> <span class='ocrx_word' id='word_1_40' title='bbox 610 684 825 769; x_wconf 87' lang='lat' dir='ltr'><strong>pendentibus</strong></span> <span class='ocrx_word' id='word_1_41' title='bbox 841 687 944 750; x_wconf 75' lang='lat' dir='ltr'><strong>astris.</strong></span> <span class='ocrx_word' id='word_1_42' title='bbox 1226 683 1227 688; x_wconf 66' lang='grc'>’</span> 
     </span>
     <span class='ocr_line' id='line_1_7' title="bbox 140 769 900 853; baseline 0 -20"><span class='ocrx_word' id='word_1_43' title='bbox 140 769 215 834; x_wconf 84' lang='lat' dir='ltr'><strong>Huc</strong></span> <span class='ocrx_word' id='word_1_44' title='bbox 229 769 304 835; x_wconf 87' lang='lat' dir='ltr'><strong>ades</strong></span> <span class='ocrx_word' id='word_1_45' title='bbox 311 819 320 852; x_wconf 89' lang='lat'><em>‚</em></span> <span class='ocrx_word' id='word_1_46' title='bbox 337 791 356 834; x_wconf 94' lang='lat' dir='ltr'><strong>c</strong></span> <span class='ocrx_word' id='word_1_47' title='bbox 371 769 490 834; x_wconf 87' lang='lat' dir='ltr'><strong>lasciue</strong></span> <span class='ocrx_word' id='word_1_48' title='bbox 504 790 600 853; x_wconf 87' lang='lat' dir='ltr'><strong>puer,</strong></span> <span class='ocrx_word' id='word_1_49' title='bbox 615 773 648 832; x_wconf 87' lang='lat' dir='ltr'><strong>te</strong></span> <span class='ocrx_word' id='word_1_50' title='bbox 662 774 766 835; x_wconf 89' lang='lat' dir='ltr'><strong>mater</strong></span> <span class='ocrx_word' id='word_1_51' title='bbox 780 769 900 853; x_wconf 90' lang='lat' dir='ltr'><strong>ubique</strong></span> 
     </span>
    </p>

    <p class='ocr_par' dir='ltr' id='par_1_4' title="bbox 91 851 1003 1276">
     <span class='ocr_line' id='line_1_8' title="bbox 91 851 1003 928; baseline 0.009 -15"><span class='ocrx_word' id='word_1_52' title='bbox 91 865 124 913; x_wconf 81' lang='lat' dir='ltr'><strong>co</strong></span> <span class='ocrx_word' id='word_1_53' title='bbox 141 851 274 928; x_wconf 77' lang='lat' dir='ltr'><strong>Quaerit</strong></span> <span class='ocrx_word' id='word_1_54' title='bbox 289 859 322 918; x_wconf 86' lang='lat' dir='ltr'><strong>et</strong></span> <span class='ocrx_word' id='word_1_55' title='bbox 335 874 353 918; x_wconf 88' lang='lat' dir='ltr'><strong>e</strong></span> <span class='ocrx_word' id='word_1_56' title='bbox 368 855 492 918; x_wconf 87' lang='lat' dir='ltr'><strong>cunctis</strong></span> <span class='ocrx_word' id='word_1_57' title='bbox 507 859 650 918; x_wconf 87' lang='lat' dir='ltr'><strong>uestrum</strong></span> <span class='ocrx_word' id='word_1_58' title='bbox 665 875 716 918; x_wconf 90' lang='lat' dir='ltr'><strong>me</strong></span> <span class='ocrx_word' id='word_1_59' title='bbox 732 853 821 918; x_wconf 89' lang='lat' dir='ltr'><strong>misit</strong></span> <span class='ocrx_word' id='word_1_60' title='bbox 835 855 1003 920; x_wconf 87' lang='lat' dir='ltr'><strong>alumnum</strong></span> 
     </span>
     <span class='ocr_line' id='line_1_9' title="bbox 140 937 926 1020; baseline 0 -18"><span class='ocrx_word' id='word_1_61' title='bbox 140 937 188 1002; x_wconf 90' lang='lat' dir='ltr'><strong>Ut</strong></span> <span class='ocrx_word' id='word_1_62' title='bbox 202 938 314 1002; x_wconf 87' lang='lat' dir='ltr'><strong>uenias</strong></span> <span class='ocrx_word' id='word_1_63' title='bbox 327 941 481 1020; x_wconf 87' lang='lat' dir='ltr'><strong>parcente</strong></span> <span class='ocrx_word' id='word_1_64' title='bbox 496 944 610 1002; x_wconf 81' lang='lat' dir='ltr'><strong>mora’</strong></span> <span class='ocrx_word' id='word_1_65' title='bbox 635 937 681 1001; x_wconf 88' lang='lat' dir='ltr'><strong>sic</strong></span> <span class='ocrx_word' id='word_1_66' title='bbox 694 937 792 1002; x_wconf 71' lang='lat' dir='ltr'><strong>fatris.</strong></span> <span class='ocrx_word' id='word_1_67' title='bbox 823 939 926 1002; x_wconf 87' lang='lat' dir='ltr'><strong>atille</strong></span> 
     </span>
     <span class='ocr_line' id='line_1_10' title="bbox 139 1021 920 1107; baseline 0 -21"><span class='ocrx_word' id='word_1_68' title='bbox 139 1021 308 1087; x_wconf 83' lang='lat' dir='ltr'><strong>Fluctibus</strong></span> <span class='ocrx_word' id='word_1_69' title='bbox 324 1045 341 1086; x_wconf 91' lang='lat' dir='ltr'><strong>e</strong></span> <span class='ocrx_word' id='word_1_70' title='bbox 355 1021 469 1086; x_wconf 89' lang='lat' dir='ltr'><strong>mediis</strong></span> <span class='ocrx_word' id='word_1_71' title='bbox 484 1042 618 1107; x_wconf 79' lang='lat' dir='ltr'>surgens</span> <span class='ocrx_word' id='word_1_72' title='bbox 632 1021 786 1086; x_wconf 86' lang='lat' dir='ltr'><strong>rutilante</strong></span> <span class='ocrx_word' id='word_1_73' title='bbox 802 1023 920 1106; x_wconf 80' lang='lat' dir='ltr'>capillo</span> 
     </span>
     <span class='ocr_line' id='line_1_11' title="bbox 140 1105 956 1203; baseline 0.002 -34"><span class='ocrx_word' id='word_1_74' title='bbox 140 1105 292 1171; x_wconf 75' lang='lat' dir='ltr'><strong>Excussit</strong></span> <span class='ocrx_word' id='word_1_75' title='bbox 305 1127 364 1190; x_wconf 88' lang='lat' dir='ltr'><strong>per</strong></span> <span class='ocrx_word' id='word_1_76' title='bbox 377 1107 475 1170; x_wconf 89' lang='lat' dir='ltr'><strong>inane</strong></span> <span class='ocrx_word' id='word_1_77' title='bbox 490 1109 600 1189; x_wconf 89' lang='lat' dir='ltr'><strong>caput,</strong></span> <span class='ocrx_word' id='word_1_78' title='bbox 617 1106 723 1189; x_wconf 79' lang='lat' dir='ltr'><strong>quatit</strong></span> <span class='ocrx_word' id='word_1_79' title='bbox 736 1107 874 1203; x_wconf 76' lang='lat' dir='ltr'><strong>impiger</strong></span> <span class='ocrx_word' id='word_1_80' title='bbox 889 1107 956 1171; x_wconf 86' lang='lat' dir='ltr'><strong>alas</strong></span> 
     </span>
     <span class='ocr_line' id='line_1_12' title="bbox 141 1189 957 1276; baseline 0 -21"><span class='ocrx_word' id='word_1_81' title='bbox 141 1189 189 1255; x_wconf 91' lang='lat' dir='ltr'><strong>Ut</strong></span> <span class='ocrx_word' id='word_1_82' title='bbox 201 1191 318 1274; x_wconf 81' lang='lat' dir='ltr'><strong>pinnas</strong></span> <span class='ocrx_word' id='word_1_83' title='bbox 334 1191 470 1256; x_wconf 73' lang='lat' dir='ltr'><strong>desiccet</strong></span> <span class='ocrx_word' id='word_1_84' title='bbox 485 1190 592 1274; x_wconf 82' lang='lat' dir='ltr'><strong>equis,</strong></span> <span class='ocrx_word' id='word_1_85' title='bbox 607 1191 706 1254; x_wconf 85' lang='lat' dir='ltr'><strong>micat</strong></span> <span class='ocrx_word' id='word_1_86' title='bbox 719 1191 805 1276; x_wconf 83' lang='lat' dir='ltr'><strong>igms</strong></span> <span class='ocrx_word' id='word_1_87' title='bbox 820 1195 857 1254; x_wconf 89' lang='lat' dir='ltr'><strong>ut</strong></span> <span class='ocrx_word' id='word_1_88' title='bbox 871 1194 957 1255; x_wconf 85' lang='lat' dir='ltr'><strong>astra</strong></span> 
     </span>
    </p>

    <p class='ocr_par' dir='ltr' id='par_1_5' title="bbox 77 1274 1038 1696">
     <span class='ocr_line' id='line_1_13' title="bbox 77 1274 943 1358; baseline 0.006 -25"><span class='ocrx_word' id='word_1_89' title='bbox 77 1286 128 1334; x_wconf 87' lang='lat'><strong>100</strong></span> <span class='ocrx_word' id='word_1_90' title='bbox 139 1274 310 1340; x_wconf 85' lang='lat' dir='ltr'><strong>Plausibus</strong></span> <span class='ocrx_word' id='word_1_91' title='bbox 325 1296 475 1340; x_wconf 85' lang='lat' dir='ltr'><strong>excussus</strong></span> <span class='ocrx_word' id='word_1_92' title='bbox 490 1274 598 1358; x_wconf 88' lang='lat' dir='ltr'><strong>pueri,</strong></span> <span class='ocrx_word' id='word_1_93' title='bbox 612 1295 671 1357; x_wconf 90' lang='lat' dir='ltr'><strong>per</strong></span> <span class='ocrx_word' id='word_1_94' title='bbox 686 1278 802 1338; x_wconf 84' lang='lat' dir='ltr'><strong>cuncte</strong></span> <span class='ocrx_word' id='word_1_95' title='bbox 817 1275 943 1339; x_wconf 79' lang='lat' dir='ltr'><strong>uideres</strong></span> 
     </span>
     <span class='ocr_line' id='line_1_14' title="bbox 141 1357 1038 1441; baseline 0.001 -18"><span class='ocrx_word' id='word_1_96' title='bbox 141 1357 326 1424; x_wconf 78' lang='lat' dir='ltr'><strong>Scintillam</strong></span> <span class='ocrx_word' id='word_1_97' title='bbox 342 1359 441 1441; x_wconf 82' lang='lat' dir='ltr'><strong>diem,</strong></span> <span class='ocrx_word' id='word_1_98' title='bbox 462 1358 603 1423; x_wconf 80' lang='lat' dir='ltr'><strong>uolitant</strong></span> <span class='ocrx_word' id='word_1_99' title='bbox 617 1379 714 1441; x_wconf 90' lang='lat' dir='ltr'><strong>super</strong></span> <span class='ocrx_word' id='word_1_100' title='bbox 727 1378 868 1440; x_wconf 86' lang='lat' dir='ltr'><strong>aequora</strong></span> <span class='ocrx_word' id='word_1_101' title='bbox 882 1359 1038 1424; x_wconf 85' lang='lat' dir='ltr'><strong>flammae.</strong></span> 
     </span>
     <span class='ocr_line' id='line_1_15' title="bbox 141 1441 877 1527; baseline -0.004 -19"><span class='ocrx_word' id='word_1_102' title='bbox 141 1441 195 1508; x_wconf 82' lang='lat' dir='ltr'><strong>Sic</strong></span> <span class='ocrx_word' id='word_1_103' title='bbox 209 1443 266 1508; x_wconf 90' lang='lat' dir='ltr'><strong>ubi</strong></span> <span class='ocrx_word' id='word_1_104' title='bbox 280 1444 434 1527; x_wconf 88' lang='lat' dir='ltr'><strong>puniceos</strong></span> <span class='ocrx_word' id='word_1_105' title='bbox 449 1442 585 1508; x_wconf 87' lang='lat' dir='ltr'><strong>rutilans</strong></span> <span class='ocrx_word' id='word_1_106' title='bbox 601 1445 728 1506; x_wconf 87' lang='lat' dir='ltr'><strong>Aurora</strong></span> <span class='ocrx_word' id='word_1_107' title='bbox 743 1441 877 1525; x_wconf 77' lang='lat' dir='ltr'><strong>capillos</strong></span> 
     </span>
     <span class='ocr_line' id='line_1_16' title="bbox 140 1525 982 1611; baseline 0.001 -21"><span class='ocrx_word' id='word_1_108' title='bbox 140 1527 289 1593; x_wconf 86' lang='lat' dir='ltr'><strong>Pectinat</strong></span> <span class='ocrx_word' id='word_1_109' title='bbox 302 1531 378 1592; x_wconf 85' lang='lat' dir='ltr'><strong>ante</strong></span> <span class='ocrx_word' id='word_1_110' title='bbox 394 1527 479 1592; x_wconf 91' lang='lat' dir='ltr'><strong>diem</strong></span> <span class='ocrx_word' id='word_1_111' title='bbox 494 1548 576 1611; x_wconf 89' lang='lat' dir='ltr'><strong>quae</strong></span> <span class='ocrx_word' id='word_1_112' title='bbox 591 1549 666 1591; x_wconf 85' lang='lat' dir='ltr'><strong>mox</strong></span> <span class='ocrx_word' id='word_1_113' title='bbox 681 1525 855 1609; x_wconf 88' lang='lat' dir='ltr'><strong>perfundet</strong></span> <span class='ocrx_word' id='word_1_114' title='bbox 868 1525 982 1591; x_wconf 79' lang='lat' dir='ltr'><strong>Eoum.</strong></span> 
     </span>
     <span class='ocr_line' id='line_1_17' title="bbox 138 1611 881 1696; baseline -0.001 -21"><span class='ocrx_word' id='word_1_115' title='bbox 138 1611 287 1676; x_wconf 88' lang='lat' dir='ltr'><strong>Phoenix</strong></span> <span class='ocrx_word' id='word_1_116' title='bbox 303 1612 372 1676; x_wconf 88' lang='lat' dir='ltr'><strong>sola</strong></span> <span class='ocrx_word' id='word_1_117' title='bbox 387 1632 490 1696; x_wconf 84' lang='lat' dir='ltr'><strong>genus</strong></span> <span class='ocrx_word' id='word_1_118' title='bbox 505 1611 595 1675; x_wconf 91' lang='lat' dir='ltr'><strong>senio</strong></span> <span class='ocrx_word' id='word_1_119' title='bbox 610 1612 730 1676; x_wconf 86' lang='lat' dir='ltr'><strong>lassata</strong></span> <span class='ocrx_word' id='word_1_120' title='bbox 744 1614 881 1696; x_wconf 82' lang='lat' dir='ltr'><strong>uetusto,</strong></span> 
     </span>
    </p>

    <p class='ocr_par' dir='ltr' id='par_1_6' title="bbox 76 1694 1042 2116">
     <span class='ocr_line' id='line_1_18' title="bbox 76 1694 1042 1760; baseline 0.006 -6"><span class='ocrx_word' id='word_1_121' title='bbox 76 1705 126 1758; x_wconf 81' lang='lat'><strong>105</strong></span> <span class='ocrx_word' id='word_1_122' title='bbox 140 1694 299 1760; x_wconf 81' lang='lat' dir='ltr'><strong>Cinnama</strong></span> <span class='ocrx_word' id='word_1_123' title='bbox 311 1699 362 1760; x_wconf 89' lang='lat' dir='ltr'><strong>eui</strong></span> <span class='ocrx_word' id='word_1_124' title='bbox 376 1695 491 1760; x_wconf 87' lang='lat' dir='ltr'><strong>folium</strong></span> <span class='ocrx_word' id='word_1_125' title='bbox 504 1695 640 1760; x_wconf 87' lang='lat' dir='ltr'><strong>nardum</strong></span> <span class='ocrx_word' id='word_1_126' title='bbox 654 1700 709 1759; x_wconf 89' lang='lat' dir='ltr'><strong>tus</strong></span> <span class='ocrx_word' id='word_1_127' title='bbox 721 1695 864 1760; x_wconf 86' lang='lat' dir='ltr'><strong>balsama</strong></span> <span class='ocrx_word' id='word_1_128' title='bbox 878 1715 1042 1760; x_wconf 79' lang='lat' dir='ltr'><strong>amomum</strong></span> 
     </span>
     <span class='ocr_line' id='line_1_19' title="bbox 139 1779 1018 1863; baseline 0 -19"><span class='ocrx_word' id='word_1_129' title='bbox 139 1779 325 1845; x_wconf 78' lang='lat' dir='ltr'><strong>informant</strong></span> <span class='ocrx_word' id='word_1_130' title='bbox 336 1784 412 1863; x_wconf 91' lang='lat' dir='ltr'><strong>post</strong></span> <span class='ocrx_word' id='word_1_131' title='bbox 420 1780 527 1844; x_wconf 85' lang='lat' dir='ltr'><strong>saecla</strong></span> <span class='ocrx_word' id='word_1_132' title='bbox 537 1801 649 1862; x_wconf 83' lang='lat' dir='ltr'><strong>pyram</strong></span> <span class='ocrx_word' id='word_1_133' title='bbox 664 1780 816 1863; x_wconf 82' lang='lat' dir='ltr'><strong>reditura,</strong></span> <span class='ocrx_word' id='word_1_134' title='bbox 837 1779 1018 1863; x_wconf 87' lang='lat' dir='ltr'><strong>sepulcrum</strong></span> 
     </span>
     <span class='ocr_line' id='line_1_20' title="bbox 142 1863 880 1949; baseline 0 -21"><span class='ocrx_word' id='word_1_135' title='bbox 142 1863 337 1928; x_wconf 76' lang='lat' dir='ltr'><strong>Conscendit</strong></span> <span class='ocrx_word' id='word_1_136' title='bbox 351 1864 477 1928; x_wconf 77' lang='lat' dir='ltr'><strong>lectura</strong></span> <span class='ocrx_word' id='word_1_137' title='bbox 491 1885 588 1949; x_wconf 87' lang='lat' dir='ltr'><strong>rogos</strong></span> <span class='ocrx_word' id='word_1_138' title='bbox 603 1868 636 1928; x_wconf 91' lang='lat' dir='ltr'><strong>et</strong></span> <span class='ocrx_word' id='word_1_139' title='bbox 649 1864 800 1928; x_wconf 88' lang='lat' dir='ltr'><strong>uerberat</strong></span> <span class='ocrx_word' id='word_1_140' title='bbox 812 1864 880 1928; x_wconf 86' lang='lat' dir='ltr'><strong>alas</strong></span> 
     </span>
     <span class='ocr_line' id='line_1_21' title="bbox 141 1947 936 2032; baseline -0.003 -19"><span class='ocrx_word' id='word_1_141' title='bbox 141 1947 188 2013; x_wconf 91' lang='lat' dir='ltr'><strong>Ut</strong></span> <span class='ocrx_word' id='word_1_142' title='bbox 202 1949 346 2013; x_wconf 78' lang='lat' dir='ltr'><strong>flammas</strong></span> <span class='ocrx_word' id='word_1_143' title='bbox 361 1947 516 2012; x_wconf 83' lang='lat' dir='ltr'><strong>adsciscat</strong></span> <span class='ocrx_word' id='word_1_144' title='bbox 530 1949 599 2012; x_wconf 85' lang='lat' dir='ltr'><strong>auis</strong></span> <span class='ocrx_word' id='word_1_145' title='bbox 607 1998 616 2032; x_wconf 87' lang='lat'>‚</span> <span class='ocrx_word' id='word_1_146' title='bbox 631 1949 678 2012; x_wconf 88' lang='lat' dir='ltr'><strong>sic</strong></span> <span class='ocrx_word' id='word_1_147' title='bbox 691 1949 835 2012; x_wconf 86' lang='lat' dir='ltr'><strong>nascitur</strong></span> <span class='ocrx_word' id='word_1_148' title='bbox 849 1949 936 2032; x_wconf 81' lang='lat' dir='ltr'><strong>ignis</strong></span> 
     </span>
     <span class='ocr_line' id='line_1_22' title="bbox 140 2031 1029 2116; baseline -0.001 -20"><span class='ocrx_word' id='word_1_149' title='bbox 140 2034 228 2098; x_wconf 85' lang='lat' dir='ltr'><strong>Ante</strong></span> <span class='ocrx_word' id='word_1_150' title='bbox 243 2033 352 2097; x_wconf 89' lang='lat' dir='ltr'><strong>alitem</strong></span> <span class='ocrx_word' id='word_1_151' title='bbox 366 2033 544 2096; x_wconf 88' lang='lat' dir='ltr'><strong>ambrosios</strong></span> <span class='ocrx_word' id='word_1_152' title='bbox 558 2033 623 2096; x_wconf 88' lang='lat' dir='ltr'><strong>iam</strong></span> <span class='ocrx_word' id='word_1_153' title='bbox 638 2037 885 2116; x_wconf 86' lang='lat' dir='ltr'><strong>consumpturus</strong></span> <span class='ocrx_word' id='word_1_154' title='bbox 901 2031 1029 2097; x_wconf 88' lang='lat' dir='ltr'><strong>odores:</strong></span> 
     </span>
    </p>

    <p class='ocr_par' dir='ltr' id='par_1_7' title="bbox 76 2116 1041 2452">
     <span class='ocr_line' id='line_1_23' title="bbox 76 2116 902 2201; baseline 0 -23"><span class='ocrx_word' id='word_1_155' title='bbox 76 2116 194 2182; x_wconf 78' lang='lat' dir='ltr'><strong>nasio</strong></span> <span class='ocrx_word' id='word_1_156' title='bbox 208 2139 289 2201; x_wconf 87' lang='lat' dir='ltr'><strong>puer</strong></span> <span class='ocrx_word' id='word_1_157' title='bbox 301 2116 422 2180; x_wconf 84' lang='lat' dir='ltr'><strong>Idalius</strong></span> <span class='ocrx_word' id='word_1_158' title='bbox 436 2117 609 2201; x_wconf 74' lang='lat' dir='ltr'><strong>spargebat</strong></span> <span class='ocrx_word' id='word_1_159' title='bbox 621 2116 786 2198; x_wconf 76' lang='lat' dir='ltr'><strong>plausibus</strong></span> <span class='ocrx_word' id='word_1_160' title='bbox 801 2116 902 2200; x_wconf 81' lang='lat' dir='ltr'><strong>ignes</strong></span> 
     </span>
     <span class='ocr_line' id='line_1_24' title="bbox 142 2199 986 2285; baseline -0.002 -21"><span class='ocrx_word' id='word_1_161' title='bbox 142 2200 244 2266; x_wconf 86' lang='lat' dir='ltr'><strong>Piscis</strong></span> <span class='ocrx_word' id='word_1_162' title='bbox 260 2221 335 2266; x_wconf 86' lang='lat' dir='ltr'><strong>aues</strong></span> <span class='ocrx_word' id='word_1_163' title='bbox 350 2204 497 2265; x_wconf 84' lang='lat' dir='ltr'><strong>armenta</strong></span> <span class='ocrx_word' id='word_1_164' title='bbox 508 2215 608 2285; x_wconf 87' lang='lat' dir='ltr'><strong>pecus</strong></span> <span class='ocrx_word' id='word_1_165' title='bbox 623 2199 692 2263; x_wconf 84' lang='lat' dir='ltr'><strong>fera</strong></span> <span class='ocrx_word' id='word_1_166' title='bbox 705 2203 816 2283; x_wconf 85' lang='lat' dir='ltr'><strong>pastor</strong></span> <span class='ocrx_word' id='word_1_167' title='bbox 831 2199 986 2262; x_wconf 80' lang='lat' dir='ltr'><strong>anhelent</strong></span> 
     </span>
     <span class='ocr_line' id='line_1_25' title="bbox 139 2282 1005 2370; baseline -0.005 -20"><span class='ocrx_word' id='word_1_168' title='bbox 139 2285 356 2370; x_wconf 73' lang='lat' dir='ltr'><strong>Flammigero</strong></span> <span class='ocrx_word' id='word_1_169' title='bbox 371 2289 523 2370; x_wconf 81' lang='lat' dir='ltr'><strong>surgente</strong></span> <span class='ocrx_word' id='word_1_170' title='bbox 538 2284 609 2349; x_wconf 89' lang='lat' dir='ltr'><strong>deo.</strong></span> <span class='ocrx_word' id='word_1_171' title='bbox 630 2283 721 2349; x_wconf 89' lang='lat' dir='ltr'><strong>uolat</strong></span> <span class='ocrx_word' id='word_1_172' title='bbox 734 2283 808 2346; x_wconf 90' lang='lat' dir='ltr'><strong>inde</strong></span> <span class='ocrx_word' id='word_1_173' title='bbox 823 2304 881 2366; x_wconf 84' lang='lat' dir='ltr'><strong>por</strong></span> <span class='ocrx_word' id='word_1_174' title='bbox 895 2282 1005 2346; x_wconf 89' lang='lat' dir='ltr'><strong>altum.</strong></span> 
     </span>
     <span class='ocr_line' id='line_1_26' title="bbox 141 2367 1041 2452; baseline -0.003 -18"><span class='ocrx_word' id='word_1_175' title='bbox 141 2369 211 2434; x_wconf 83' lang='lat' dir='ltr'><strong>Iam</strong></span> <span class='ocrx_word' id='word_1_176' title='bbox 222 2370 354 2434; x_wconf 88' lang='lat' dir='ltr'><strong>uolucer</strong></span> <span class='ocrx_word' id='word_1_177' title='bbox 364 2391 431 2434; x_wconf 90' lang='lat' dir='ltr'><strong>non</strong></span> <span class='ocrx_word' id='word_1_178' title='bbox 443 2369 524 2433; x_wconf 91' lang='lat' dir='ltr'><strong>udus</strong></span> <span class='ocrx_word' id='word_1_179' title='bbox 535 2373 613 2450; x_wconf 83' lang='lat' dir='ltr'><strong>erat,</strong></span> <span class='ocrx_word' id='word_1_180' title='bbox 630 2387 831 2452; x_wconf 86' lang='lat' dir='ltr'><strong>quocumque</strong></span> <span class='ocrx_word' id='word_1_181' title='bbox 843 2367 1041 2450; x_wconf 85' lang='lat' dir='ltr'><strong>propinquat</strong></span> 
     </span>
    </p>

    <p class='ocr_par' dir='ltr' id='par_1_8' title="bbox 99 2453 933 2537">
     <span class='ocr_line' id='line_1_27' title="bbox 99 2453 933 2537; baseline -0.004 -20"><span class='ocrx_word' id='word_1_182' title='bbox 99 2479 101 2486; x_wconf 94' lang='lat'>·</span> <span class='ocrx_word' id='word_1_183' title='bbox 140 2457 210 2518; x_wconf 88' lang='lat' dir='ltr'><strong>Aut</strong></span> <span class='ocrx_word' id='word_1_184' title='bbox 224 2454 416 2537; x_wconf 89' lang='lat' dir='ltr'><strong>ubicumque</strong></span> <span class='ocrx_word' id='word_1_185' title='bbox 431 2453 504 2536; x_wconf 84' lang='lat' dir='ltr'><strong>fuit,</strong></span> <span class='ocrx_word' id='word_1_186' title='bbox 519 2453 638 2517; x_wconf 88' lang='lat' dir='ltr'><strong>blando</strong></span> <span class='ocrx_word' id='word_1_187' title='bbox 652 2453 782 2516; x_wconf 83' lang='lat' dir='ltr'><strong>feruore</strong></span> <span class='ocrx_word' id='word_1_188' title='bbox 796 2454 933 2535; x_wconf 86' lang='lat' dir='ltr'><strong>uaporat</strong></span> 
     </span>
    </p>

    <p class='ocr_par' dir='ltr' id='par_1_9' title="bbox 73 2536 1039 2959">
     <span class='ocr_line' id='line_1_28' title="bbox 73 2536 1039 2622; baseline -0.004 -20"><span class='ocrx_word' id='word_1_189' title='bbox 73 2551 124 2602; x_wconf 84' lang='lat'><strong>115</strong></span> <span class='ocrx_word' id='word_1_190' title='bbox 138 2536 242 2613; x_wconf 80' lang='lat' dir='ltr'><strong>Quem</strong></span> <span class='ocrx_word' id='word_1_191' title='bbox 256 2538 401 2622; x_wconf 88' lang='lat' dir='ltr'><strong>sequitur</strong></span> <span class='ocrx_word' id='word_1_192' title='bbox 414 2537 556 2602; x_wconf 81' lang='lat' dir='ltr'><strong>carnalis</strong></span> <span class='ocrx_word' id='word_1_193' title='bbox 571 2537 660 2620; x_wconf 77' lang='lat' dir='ltr'><strong>odor,</strong></span> <span class='ocrx_word' id='word_1_194' title='bbox 676 2538 730 2600; x_wconf 89' lang='lat' dir='ltr'><strong>uia</strong></span> <span class='ocrx_word' id='word_1_195' title='bbox 766 2536 880 2600; x_wconf 88' lang='lat' dir='ltr'><strong>ulchra</strong></span> <span class='ocrx_word' id='word_1_196' title='bbox 893 2557 1039 2600; x_wconf 88' lang='lat' dir='ltr'><strong>rosarum</strong></span> 
     </span>
     <span class='ocr_line' id='line_1_29' title="bbox 139 2560 1009 2705; baseline -0.001 -20"><span class='ocrx_word' id='word_1_197' title='bbox 139 2619 298 2686; x_wconf 76' lang='lat' dir='ltr'><strong>Tenditur</strong></span> <span class='ocrx_word' id='word_1_198' title='bbox 312 2625 345 2686; x_wconf 91' lang='lat' dir='ltr'><strong>et</strong></span> <span class='ocrx_word' id='word_1_199' title='bbox 358 2622 462 2686; x_wconf 83' lang='lat' dir='ltr'><strong>uiolas</strong></span> <span class='ocrx_word' id='word_1_200' title='bbox 476 2621 634 2705; x_wconf 82' lang='lat' dir='ltr'><strong>pallentes</strong></span> <span class='ocrx_word' id='word_1_201' title='bbox 649 2560 785 2685; x_wconf 72' lang='lat' dir='ltr'><strong>candida</strong></span> <span class='ocrx_word' id='word_1_202' title='bbox 799 2621 895 2705; x_wconf 88' lang='lat' dir='ltr'><strong>peplo</strong></span> <span class='ocrx_word' id='word_1_203' title='bbox 1007 2635 1009 2647; x_wconf 67' lang='lat'><strong><em>¹</em></strong></span> 
     </span>
     <span class='ocr_line' id='line_1_30' title="bbox 140 2705 858 2791; baseline -0.003 -21"><span class='ocrx_word' id='word_1_204' title='bbox 140 2705 225 2770; x_wconf 87' lang='lat' dir='ltr'><strong>Lilia</strong></span> <span class='ocrx_word' id='word_1_205' title='bbox 239 2705 423 2791; x_wconf 75' lang='lat' dir='ltr'><strong>distingunt</strong></span> <span class='ocrx_word' id='word_1_206' title='bbox 437 2727 476 2770; x_wconf 87' lang='lat' dir='ltr'><strong>ac</strong></span> <span class='ocrx_word' id='word_1_207' title='bbox 490 2705 589 2770; x_wconf 87' lang='lat' dir='ltr'><strong>florea</strong></span> <span class='ocrx_word' id='word_1_208' title='bbox 599 2706 717 2770; x_wconf 85' lang='lat' dir='ltr'><strong>semite</strong></span> <span class='ocrx_word' id='word_1_209' title='bbox 731 2705 858 2787; x_wconf 77' lang='lat' dir='ltr'><strong>crescit,</strong></span> 
     </span>
     <span class='ocr_line' id='line_1_31' title="bbox 140 2788 999 2874; baseline 0 -20"><span class='ocrx_word' id='word_1_210' title='bbox 140 2790 333 2856; x_wconf 85' lang='lat' dir='ltr'><strong>Persulcans</strong></span> <span class='ocrx_word' id='word_1_211' title='bbox 346 2811 405 2874; x_wconf 89' lang='lat' dir='ltr'><strong>per</strong></span> <span class='ocrx_word' id='word_1_212' title='bbox 419 2791 516 2855; x_wconf 86' lang='lat' dir='ltr'><strong>inane</strong></span> <span class='ocrx_word' id='word_1_213' title='bbox 531 2789 624 2873; x_wconf 93' lang='lat' dir='ltr'><strong>polos</strong></span> <span class='ocrx_word' id='word_1_214' title='bbox 639 2789 738 2855; x_wconf 86' lang='lat' dir='ltr'><strong>micat</strong></span> <span class='ocrx_word' id='word_1_215' title='bbox 753 2788 859 2853; x_wconf 87' lang='lat' dir='ltr'><strong>orbita</strong></span> <span class='ocrx_word' id='word_1_216' title='bbox 873 2789 999 2854; x_wconf 88' lang='lat' dir='ltr'><strong>florum.</strong></span> 
     </span>
     <span class='ocr_line' id='line_1_32' title="bbox 142 2871 880 2959; baseline -0.005 -19"><span class='ocrx_word' id='word_1_217' title='bbox 142 2873 255 2959; x_wconf 75' lang='lat' dir='ltr'><strong>cypris</strong></span> <span class='ocrx_word' id='word_1_218' title='bbox 272 2873 450 2940; x_wconf 87' lang='lat' dir='ltr'><strong>odoriferos</strong></span> <span class='ocrx_word' id='word_1_219' title='bbox 466 2874 567 2938; x_wconf 89' lang='lat' dir='ltr'><strong>sensit</strong></span> <span class='ocrx_word' id='word_1_220' title='bbox 580 2872 721 2959; x_wconf 83' lang='lat' dir='ltr'><strong>fraglare</strong></span> <span class='ocrx_word' id='word_1_221' title='bbox 737 2871 880 2937; x_wconf 85' lang='lat' dir='ltr'><strong>uolatus:</strong></span> 
     </span>
    </p>
   </div>
   <div class='ocr_carea' id='block_1_3' title="bbox 67 3093 1041 3371">
    <p class='ocr_par' dir='ltr' id='par_1_10' title="bbox 67 3093 1041 3371">
     <span class='ocr_line' id='line_1_33' title="bbox 143 3093 1040 3162; baseline -0.003 -16"><span class='ocrx_word' id='word_1_222' title='bbox 143 3099 176 3148; x_wconf 79' lang='lat'><strong>93</strong></span> <span class='ocrx_word' id='word_1_223' title='bbox 198 3093 394 3162; x_wconf 83' lang='lat' dir='ltr'><strong>pendentibus]</strong></span> <span class='ocrx_word' id='word_1_224' title='bbox 420 3097 454 3158; x_wconf 83' lang='lat' dir='ltr'><strong>cs.</strong></span> <span class='ocrx_word' id='word_1_225' title='bbox 479 3098 505 3147; x_wconf 85' lang='lat' dir='ltr'><strong>d.</strong></span> <span class='ocrx_word' id='word_1_226' title='bbox 524 3097 550 3146; x_wconf 83' lang='lat' dir='ltr'><strong>d.</strong></span> <span class='ocrx_word' id='word_1_227' title='bbox 573 3095 607 3144; x_wconf 89' lang='lat' dir='ltr'><strong>II</strong></span> <span class='ocrx_word' id='word_1_228' title='bbox 630 3097 646 3144; x_wconf 80' lang='grc'><strong><em>6</em></strong></span> <span class='ocrx_word' id='word_1_229' title='bbox 667 3093 789 3160; x_wconf 87' lang='lat' dir='ltr'><strong>pendula</strong></span> <span class='ocrx_word' id='word_1_230' title='bbox 812 3094 912 3145; x_wconf 84' lang='lat' dir='ltr'><strong>sidera.</strong></span> <span class='ocrx_word' id='word_1_231' title='bbox 950 3093 1040 3158; x_wconf 86' lang='lat' dir='ltr'><strong>splen-</strong></span> 
     </span>
     <span class='ocr_line' id='line_1_34' title="bbox 69 3159 1041 3227; baseline -0.003 -13"><span class='ocrx_word' id='word_1_232' title='bbox 69 3163 204 3214; x_wconf 84' lang='lat' dir='ltr'><strong>dentibus</strong></span> <span class='ocrx_word' id='word_1_233' title='bbox 222 3167 310 3214; x_wconf 80' lang='lat' dir='ltr'><strong>inun‘le</strong></span> <span class='ocrx_word' id='word_1_234' title='bbox 362 3167 395 3215; x_wconf 87' lang='lat'><strong>98</strong></span> <span class='ocrx_word' id='word_1_235' title='bbox 413 3165 494 3214; x_wconf 86' lang='lat' dir='ltr'><strong>niens</strong></span> <span class='ocrx_word' id='word_1_236' title='bbox 553 3159 936 3227; x_wconf 72' lang='lat' dir='ltr'><strong>103Peetniat1perfundat</strong></span> <span class='ocrx_word' id='word_1_237' title='bbox 992 3163 1041 3211; x_wconf 78' lang='lat'><strong>105</strong></span> 
     </span>
     <span class='ocr_line' id='line_1_35' title="bbox 69 3229 1041 3293; baseline -0.006 -11"><span class='ocrx_word' id='word_1_238' title='bbox 69 3231 203 3282; x_wconf 83' lang='lat' dir='ltr'><strong>Ommma</strong></span> <span class='ocrx_word' id='word_1_239' title='bbox 225 3246 275 3282; x_wconf 82' lang='lat' dir='ltr'><strong>uno</strong></span> <span class='ocrx_word' id='word_1_240' title='bbox 298 3234 389 3283; x_wconf 80' lang='lat' dir='ltr'><strong>columi</strong></span> <span class='ocrx_word' id='word_1_241' title='bbox 410 3233 486 3282; x_wconf 77' lang='lat' dir='ltr'><strong>ductu</strong></span> <span class='ocrx_word' id='word_1_242' title='bbox 502 3231 625 3293; x_wconf 79' lang='lat' dir='ltr'><strong>scriptum</strong></span> <span class='ocrx_word' id='word_1_243' title='bbox 646 3237 672 3279; x_wconf 81' lang='lat' dir='ltr'><strong>et</strong></span> <span class='ocrx_word' id='word_1_244' title='bbox 694 3232 760 3280; x_wconf 79' lang='lat' dir='ltr'><strong>lectu</strong></span> <span class='ocrx_word' id='word_1_245' title='bbox 781 3230 911 3292; x_wconf 76' lang='lat' dir='ltr'><strong>difficilius</strong></span> <span class='ocrx_word' id='word_1_246' title='bbox 933 3229 1041 3292; x_wconf 79' lang='lat' dir='ltr'><strong>ideoque</strong></span> 
     </span>
     <span class='ocr_line' id='line_1_36' title="bbox 67 3293 1041 3371; baseline -0.006 -21"><span class='ocrx_word' id='word_1_247' title='bbox 67 3301 147 3350; x_wconf 79' lang='lat' dir='ltr'><strong>deest</strong></span> <span class='ocrx_word' id='word_1_248' title='bbox 164 3314 182 3364; x_wconf 75' lang='grc' dir='ltr'><em>γ</em></span> <span class='ocrx_word' id='word_1_249' title='bbox 243 3300 296 3371; x_wconf 58' lang='lat'>106,</span> <span class='ocrx_word' id='word_1_250' title='bbox 311 3299 387 3350; x_wconf 84' lang='lat' dir='ltr'><strong>secla</strong></span> <span class='ocrx_word' id='word_1_251' title='bbox 402 3296 406 3364; x_wconf 93' lang='grc' dir='ltr'>Ι</span> <span class='ocrx_word' id='word_1_252' title='bbox 422 3298 596 3364; x_wconf 85' lang='lat' dir='ltr'><strong>sepulchrum</strong></span> <span class='ocrx_word' id='word_1_253' title='bbox 660 3297 708 3348; x_wconf 83' lang='lat'><strong>108</strong></span> <span class='ocrx_word' id='word_1_254' title='bbox 727 3298 849 3346; x_wconf 80' lang='lat' dir='ltr'><strong>asciscat</strong></span> <span class='ocrx_word' id='word_1_255' title='bbox 865 3297 913 3346; x_wconf 82' lang='lat' dir='ltr'><strong>sed</strong></span> <span class='ocrx_word' id='word_1_256' title='bbox 930 3293 946 3344; x_wconf 91' lang='lat' dir='ltr'><strong>d</strong></span> <span class='ocrx_word' id='word_1_257' title='bbox 964 3295 1041 3344; x_wconf 83' lang='lat' dir='ltr'><strong>litera</strong></span> 
     </span>
    </p>
   </div>
   <div class='ocr_carea' id='block_1_4' title="bbox 67 3371 1033 3550">
    <p class='ocr_par' dir='ltr' id='par_1_11' title="bbox 67 3371 1033 3550">
     <span class='ocr_line' id='line_1_37' title="bbox 67 3371 1033 3534; baseline -0.006 -66"><span class='ocrx_word' id='word_1_258' title='bbox 67 3417 181 3534; x_wconf 76' lang='lat' dir='ltr'><strong>appleto</strong></span> <span class='ocrx_word' id='word_1_259' title='bbox 199 3423 238 3466; x_wconf 84' lang='lat' dir='ltr'><strong>est</strong></span> <span class='ocrx_word' id='word_1_260' title='bbox 308 3419 356 3468; x_wconf 84' lang='grc'>109</span> <span class='ocrx_word' id='word_1_261' title='bbox 374 3415 446 3466; x_wconf 85' lang='lat' dir='ltr'><strong>Ante</strong></span> <span class='ocrx_word' id='word_1_262' title='bbox 471 3415 567 3466; x_wconf 83' lang='lat' dir='ltr'><strong>alitem</strong></span> <span class='ocrx_word' id='word_1_263' title='bbox 589 3416 636 3467; x_wconf 74' lang='lat' dir='ltr'><strong>uis</strong></span> <span class='ocrx_word' id='word_1_264' title='bbox 657 3429 745 3464; x_wconf 81' lang='lat' dir='ltr'><strong>sanum</strong></span> <span class='ocrx_word' id='word_1_265' title='bbox 822 3371 1033 3477; x_wconf 67' lang='grc' dir='ltr'>113101111εῇ</span> 
     </span>
     <span class='ocr_line' id='line_1_38' title="bbox 67 3499 238 3550; baseline -0.006 -17"><span class='ocrx_word' id='word_1_266' title='bbox 67 3499 238 3550; x_wconf 76' lang='lat' dir='ltr'><strong>uouererp</strong></span> 
     </span>
    </p>
   </div>
   <div class='ocr_carea' id='block_1_5' title="bbox 0 0 1242 3886">
    <p class='ocr_par' dir='ltr' id='par_1_12' title="bbox 0 0 1242 3886">
     <span class='ocr_line' id='line_1_39' title="bbox 0 0 1242 3886; baseline 0 5"><span class='ocrx_word' id='word_1_267' title='bbox 0 0 1242 3886; x_wconf 95' lang='lat' dir='ltr'><strong> </strong></span> 
     </span>
    </p>
   </div>
  </div>
 </body>
</html>
