2474 3886
183 207 223 270 12
520 205 805 259 couraouaasm

246 358 355 421 Turba
369 358 581 440 superborum
595 357 715 420 sineret
729 355 756 418 si
770 355 866 418 turba
880 353 1050 434 clientum,

246 441 309 516 Qui
324 440 458 525 dignum
474 441 593 505 seruire
608 444 726 522 putans
740 438 893 524 indignus
908 438 1046 501 habetur

246 525 309 590 Uel
323 524 488 589 fastiditur
502 524 646 608 supplex.
674 523 823 586 inimicus
839 528 872 585 et
885 521 988 585 hostis

246 608 367 674 Diuitis
382 609 529 693 arguitur
543 612 665 691 paup'cr
680 607 737 690 qui
751 610 829 670 uota
842 606 968 669 clientis

197 706 230 755 60
244 694 353 757 Ausus
367 694 486 758 habere
501 693 597 756 miser
612 712 671 755 nec
685 691 765 754 haec
780 693 889 754 tamen
903 690 972 772 ipse
991 694 1154 771 meretur,

246 777 309 842 Sed
322 777 444 860 probus
455 775 613 840 horretur.
637 775 784 839 domibus
797 773 901 859 magis
911 773 968 837 ille
978 777 1153 855 potentum

245 861 343 925 Liber
357 860 478 924 amicus
494 860 555 924 erit
591 859 714 942 uisquis
729 858 802 922 uult
816 880 884 922 esse
899 858 1042 940 satelles,

247 943 317 1018 Quo
337 947 506 1027 praesente
525 881 617 1008 nelias
638 943 849 1007 committitur
868 945 964 1024 atque
984 941 1108 1023 siletur,

246 1031 315 1092 Ant
329 1029 432 1092 scelus
446 1028 509 1092 hoc
524 1029 551 1091 si
565 1027 650 1092 forte
666 1030 761 1090 sonet
773 1030 884 1090 tamen
898 1026 954 1090 ille
968 1025 1104 1109 negabit

197 1125 230 1174 ct
246 1111 368 1194 Sponte
388 1116 502 1194 petens
521 1114 684 1176 tormenta
709 1131 818 1174 cruces
843 1132 902 1193 per
921 1108 1064 1174 membra
1089 1131 1150 1192 per

890 1196 979 1258 artus

247 1279 420 1344 Carnifices
435 1280 579 1344 flammas
594 1279 726 1362 proprio
741 1279 858 1342 satiare
873 1299 1000 1361 cruore,

248 1363 393 1428 Tortoris
408 1363 538 1428 laudare
554 1384 701 1445 manum,
716 1385 775 1445 pro
791 1362 890 1427 diuite
904 1385 1025 1446 poenas

248 1445 283 1512 si
298 1449 433 1532 patitur,
450 1449 476 1512 si
491 1448 599 1511 uincla
613 1467 728 1530 gerens
744 1447 905 1531 ergastula
922 1447 1058 1529 perfert,

249 1532 289 1597 Se
304 1536 433 1614 reputet
448 1532 605 1595 cruciasse
620 1531 701 1596 alios
716 1536 753 1594 ut
768 1531 902 1595 crimina
916 1531 1037 1612 celent,

199 1629 232 1677 το
253 1615 296 1682 Ut
309 1616 383 1678 talis
398 1615 488 1678 diues
504 1615 608 1698 qualis
623 1615 789 1678 mendicus
804 1616 904 1678 amari

247 1699 356 1764 Possit
370 1703 402 1762 et
416 1698 531 1786 infelix
545 1698 585 1762 ad
601 1699 736 1763 crimina
751 1700 897 1763 conscius
913 1721 990 1783 esse,

248 1781 296 1848 Ut
308 1786 442 1847 teneant
455 1781 564 1847 fauces
580 1784 724 1847 obsessas
739 1788 833 1848 nocte
849 1783 1004 1867 latrones,

247 1868 316 1931 Aut
329 1867 438 1952 pelagi
452 1867 580 1932 rabidos
595 1867 711 1932 fluctus
725 1868 830 1950 pirata
844 1871 981 1952 uagetur

248 1951 280 2016 N
282 1972 317 2014 ec
331 1952 445 2015 timeat
459 1951 583 2015 ualidas
598 1953 657 2016 sub
671 1956 862 2034 tempestate
877 1951 1033 2035 procellas

199 2048 230 2095 75
245 2034 370 2099 Praedo
378 2085 386 2116 ‚
409 2036 499 2100 iuuet
513 2036 662 2119 petulans
677 2040 714 2099 ut
727 2036 907 2099 luxurietur
921 2036 1047 2099 adulter

247 2119 292 2184 Et
305 2122 422 2184 tractet
436 2118 474 2184 de
490 2119 578 2184 clade
593 2121 656 2183 uiri
672 2119 710 2183 de
725 2123 830 2184 morte
845 2120 968 2184 mariti:

249 2202 374 2268 Ultima
388 2226 467 2268 cena
482 2204 575 2269 datur
590 2226 687 2288 quam
701 2209 843 2288 praestat
857 2203 1003 2268 adultera
1018 2205 1138 2269 coniux
1228 2269 1229 2274 ,

247 2288 369 2352 Pocula
382 2289 550 2354 mortifero
567 2309 774 2370 corrumpens
788 2287 907 2352 blanda
921 2309 1058 2371 ueneno,

248 2370 331 2437 Cum
346 2372 465 2456 gaudet
479 2372 632 2453 cennius,
648 2371 742 2453 perit.
773 2392 845 2454 spes
861 2372 997 2436 crimina
1011 2372 1100 2437 ducit

197 2467 230 2516 80
245 2455 299 2518 Fit
312 2455 439 2518 facinus
454 2476 527 2518 cum
542 2455 631 2518 lucra
645 2459 776 2540 petunt,
794 2457 926 2538 impune
941 2456 1042 2520 libido

89 2556 120 2604 [a
135 2551 169 2598 1³]
248 2537 337 2601 Dum
351 2558 485 2620 peccare
500 2539 588 2622 cupit
602 2538 720 2603 uindex
735 2539 924 2605 subducitur
938 2543 1053 2618 curnis,

248 2619 351 2696 Quem
365 2621 496 2704 perimit
511 2623 570 2687 sub
585 2622 697 2688 fraude
711 2645 793 2689 reus.
825 2625 1004 2707 cuicunque
1018 2625 1121 2688 furori

246 2704 307 2770 Est
321 2727 437 2788 operae
451 2708 607 2790 pretium,
624 2713 755 2790 sperant
768 2729 827 2772 sua
863 2710 983 2774 raemia
997 2709 1118 2791 culpae.
1226 2727 1227 2754 ¹

229 2832 231 2838 .
249 2788 414 2854 Ocnicitur
429 2792 608 2874 cuicunque
624 2793 710 2857 bono
726 2793 813 2876 quod
828 2731 956 2857 dassius
971 2794 1078 2876 inquit

252 2945 284 2993 56
303 2941 409 3008 Turba]
434 2949 514 2995 tanta
531 2948 643 2996 conicias
660 2949 701 2997 uel
727 2952 806 2997 torua
829 2929 869 2998 uel
890 2950 968 2998 simile
987 2949 1049 3013 quid
1115 2949 1150 2998 57

185 3011 258 3074 Quid
271 3011 383 3075 dignum
395 3028 464 3064 corr.
474 3012 570 3064 Bacch.
618 3014 651 3064 58
662 3013 811 3065 fastidiens
820 3031 890 3067 corr.
901 3015 998 3068 Buecr.
1046 3017 1078 3064 60
1096 3031 1150 3066 nec

184 3086 277 3128 tamen
300 3093 368 3132 corr.
379 3079 474 3129 Buecla
544 3083 575 3130 61
601 3082 658 3132 Nec
676 3085 769 3132 tamen
792 3083 853 3146 ipse
872 3087 989 3132 merctur
1006 3091 1065 3132 ante
1083 3083 1150 3132 hunc

183 3161 282 3196 uersum
296 3149 407 3249 repplr'ta
421 3149 493 3197 uides
506 3154 640 3214 notataque
654 3153 817 3213 corruptelae
830 3152 976 3212 praefixam
1036 3151 1069 3198 63
1087 3165 1149 3213 pre·

185 3263 285 3326 sente!
306 3265 412 3344 neplras
498 3267 531 3316 64
551 3267 667 3332 negauit
685 3283 754 3319 corr.
773 3265 867 3317 Bueclr.
954 3267 986 3316 68
1005 3265 1151 3332 ergastula

184 3353 277 3410 portet
295 3333 363 3400 curri.
378 3349 473 3399 Buecll.
536 3349 569 3397 69
588 3347 660 3399 celat
678 3365 745 3400 corr.
763 3349 860 3401 Buecla
923 3353 1082 3414 mapalium
1099 3365 1152 3400 nen

183 3416 296 3463 relictum
357 3419 387 3466 ⁷1
407 3413 526 3479 Posset!
541 3430 603 3465 esso
666 3417 698 3465 72
717 3416 832 3468 obsessa
895 3419 928 3467 '15
945 3416 1054 3467 Praeda
1071 3418 1153 3467 uiuet

184 3481 215 3530 77
236 3495 304 3546 cena
372 3486 406 3533 80
423 3483 465 3534 Ad
482 3498 550 3534 corr.
568 3481 664 3532 Buerll.
735 3485 768 3532 83
786 3498 902 3548 sperans
919 3499 988 3534 corr.
1007 3482 1105 3538 Buech.

583 3763 892 3832 M
1220 3599 1223 3808 l
