2468 3888
169 169 212 234 56
472 173 621 229 INCERTI
636 173 835 229 AVCTORES.

192 339 220 401 7.
264 337 392 402 hostem
413 341 445 401 te
469 341 553 402 erest
573 341 704 420 paratus
726 341 759 402 et
781 340 845 401 stet
866 337 934 420 ipse
956 336 1072 402 nudus.

234 358 474 486 Τ11.11.2040.

191 506 220 570 8.
287 506 399 570 urbem
420 510 550 571 tenuem
571 507 685 572 fovent
707 528 805 589 opum
826 506 1037 592 benignitate.

235 590 306 655 Ter.
329 595 501 675 postquam
523 591 684 656 enarravit
699 591 796 656 etiarn
812 592 953 676 quinque
968 591 1147 656 trochaeos
1225 629 1226 664 1

170 676 205 739 in
232 679 335 740 metro
365 675 495 742 sotadeo
522 677 656 760 reperiri
678 699 707 740 v.
730 675 816 741 2044
838 676 883 740 sio
904 677 1025 762 pergit:
1055 675 1146 741 dabo
1225 685 1226 764 i

170 761 344 824 versiculos
363 782 426 844 quo
441 761 501 825 tibi
516 783 567 826 res
581 761 684 846 magis
698 761 854 844 probetur
869 761 1004 826 ‘urbem'
1021 783 1048 826 e.
1065 783 1098 844 q.
1117 785 1143 826 s.
1225 817 1226 856 p

192 845 221 908 9.
266 867 344 909 uvas
366 845 476 910 nitidis
498 845 660 910 frontibus
681 845 800 910 Euhan
820 846 947 910 hederis
969 847 1098 931 inligat.
1225 859 1226 892 i

233 929 426 1013 Exemplum
452 931 631 995 tetrametri
653 931 750 995 ionici
773 931 938 996 acataleoti
966 931 1060 996 affert
1082 930 1143 994 Vi·
1225 913 1226 1000 l

171 1015 313 1078 otorinus
334 1035 388 1099 pg.
415 1014 474 1078 123
497 1015 565 1080 sine
587 1016 719 1081 nomine
741 1015 890 1081 auotoris.
931 1014 1045 1080 Falsus
1067 1017 1139 1080 Ati·

171 1099 234 1162 lius
255 1121 277 1182 p
303 1149 309 1162 .
326 1099 389 1164 345
412 1099 540 1164 cuinam
554 1101 676 1166 tribuat
696 1122 765 1166 non
786 1101 863 1165 satis
879 1104 1013 1165 constat.
1051 1099 1084 1164 N
1086 1121 1138 1164 an

171 1182 257 1266 quod
278 1119 404 1269 legitur
431 1185 467 1248 in
495 1185 602 1250 codiee
625 1183 784 1250 Vaticano
808 1184 910 1269 ‘apud
933 1183 1138 1251 oreomaeun

170 1268 352 1332 invenitur’
376 1273 484 1353 aperte
505 1292 598 1334 eorru
621 1273 691 1334 tum
713 1274 770 1353 est,
792 1274 830 1334 ut
851 1269 1001 1335 editionis
1015 1269 1136 1334 Mediu—

169 1352 311 1418 lanensis
343 1354 424 1418 illud
452 1354 554 1438 ‘apud
610 1406 617 1420 .
644 1354 817 1420 Ienatem'.
861 1355 930 1419 Alii
957 1353 1136 1420 Maecenati

170 1437 327 1522 tribuere3
352 1438 407 1504 sed
429 1443 478 1504 est
498 1438 585 1504 haud
607 1440 702 1504 dubie
723 1443 837 1524 poetae
861 1461 940 1504 saec.
963 1462 994 1504 u.
1018 1461 1044 1504 e.
1068 1439 1104 1504 X.

172 1523 221 1586 10.
289 1545 307 1587 o
331 1524 387 1608 qui
409 1523 526 1608 chelyn
548 1547 699 1590 canoram
720 1526 842 1609 plectro
864 1525 950 1610 regis
971 1523 1065 1588 Italo,

233 1607 353 1672 Atilius
375 1629 429 1694 pg.
445 1609 509 1673 320
530 1610 587 1674 ubi
601 1615 740 1674 metrum
761 1609 1000 1696 galliambioum
1022 1608 1135 1673 deseri-

170 1691 219 1755 bit
247 1695 297 1755 ‘et
318 1691 372 1755 ille
395 1693 526 1757 alterius
549 1695 702 1758 auctoris:
726 1716 745 1758 o
769 1694 841 1778 qui'
866 1716 893 1758 e.
918 1717 947 1778 q.
971 1717 994 1758 s,
1039 1693 1132 1758 Hune

169 1795 298 1838 versum
320 1796 393 1838 oum
408 1781 561 1859 sequente
582 1799 639 1842 our
652 1779 815 1843 neoterioo
837 1779 1041 1864 potissimum
1063 1799 1133 1864 ¹ioe-

170 1862 222 1923 tae
244 1859 385 1924 tribuam
407 1861 575 1944 apparebit
597 1864 626 1926 ei
642 1864 697 1947 qui
719 1864 834 1950 legerit
849 1886 930 1948 quae
943 1863 1017 1928 libri
1032 1864 1133 1929 nostri

168 1965 222 2030 pg.
241 1943 302 2009 109
324 1944 409 2010 diota
430 1949 513 2010 sunt.
536 1986 578 1996 —
600 1947 649 2013 De
664 1949 848 2013 coniectura
862 1971 933 2014 mea
948 1949 1038 2013 venit
1056 1945 1134 2012 llud

170 2035 179 2064 <
248 2030 255 2043 ‘
280 2037 307 2069 2.
453 2036 462 2066 Q
530 2033 536 2045 '
560 2037 569 2066 2

172 2050 273 2179 lllgw
286 2031 653 2214 riutillddoreoidblteiines
674 2117 884 2202 habitumque
907 2139 984 2202 eape
1006 2117 1069 2182 vii.

233 2200 338 2266 Affert
359 2200 546 2285 Dromedes,
574 2203 630 2267 ubi
652 2202 690 2266 de
718 2203 921 2288 galliambioo
944 2207 1041 2270 metr<
1061 2205 1117 2289 agi

169 2304 228 2432 pgi
247 2286 320 2350 514.
366 2284 515 2351 Videnda
543 2309 624 2373 quae
652 2288 718 2352 dixi
747 2286 786 2352 ad
808 2287 1026 2372 fragmentum
1037 2309 1133 2371 prae-

170 2390 206 2432 oe
229 2391 294 2434 ens.

172 2453 221 2517 12.
255 2454 435 2520 Diomeden
455 2455 550 2521 modo
573 2479 728 2544 magnum
750 2457 808 2522 dea
829 2453 916 2542 feeit,
938 2457 996 2522 dea
1018 2457 1086 2522 lelli

256 2540 464 2625 dominatrix,
493 2541 640 2627 Phrygas
668 2543 772 2608 omnis
801 2545 838 2606 ut
847 2543 899 2692 tin
927 2543 1021 2610 annis
1035 2564 1132 2628 supe-

775 2649 870 2692 rare.

254 2709 373 2792 patulis
395 2709 526 2794 agmina
547 2713 668 2796 campis
689 2714 857 2777 iacuerunt
878 2712 952 2778 data
973 2713 1037 2776 leb.

257 2793 366 2876 pavidi
380 2797 534 2880 tergaque
549 2796 660 2862 dantes
675 2799 839 2881 petierunt
851 2796 993 2882 trepidae
1002 2818 1084 2861 moe—

778 2885 834 2947 nia
857 2883 981 2948 Troiae.

235 2961 447 3028 Terentianus
469 2987 521 3028 vv.
536 2966 620 3032 2056
636 2989 722 3051 sqq.:
745 2969 950 3052 apelassonos
965 2969 1061 3032 artem
1076 2989 1129 3032 ra-

170 3046 259 3112 tione
288 3069 352 3130 qua
377 3052 508 3134 regatur
536 3072 608 3116 oum
636 3052 675 3116 de
696 3051 830 3134 pedibus
852 3053 1025 3117 dissereron
1048 3053 1129 3117 satis

170 3133 304 3215 probavi
327 3131 571 3220 [1511-1516.
609 3134 672 3200 Sed
694 3135 787 3219 quale
809 3141 947 3202 metrum
969 3135 1129 3204 continuet

170 3238 256 3280 nuno
271 3217 454 3282 referemus.
478 3217 545 3282 dixi
590 3219 738 3284 iomeden
759 3220 850 3304 pedis
864 3222 960 3286 huius
981 3240 1037 3283 sse
1059 3219 1127 3286 for·

169 3321 265 3364 mam.
292 3303 328 3364 in
343 3303 483 3366 carmine
499 3303 543 3366 sio
560 3308 609 3367 est
631 3304 827 3370 ‘Diomeden
841 3304 937 3371 modo
952 3315 1126 3389 mgnum’.

172 3379 347 3462 Sequentia
368 3385 470 3448 tribus
492 3387 685 3448 tetrametris
708 3408 837 3470 unoque
865 3390 997 3465 trimeto
1021 3389 1128 3474 dispe-

171 3469 265 3527 scunt
287 3463 469 3548 Santenius‚
486 3467 696 3550 Gaisfoulins,
712 3469 946 3538 Lachmannus.
970 3473 1010 3538 ut
1025 3474 1128 3540 Bent

478 3797 772 3850 A*
