2474 3886
516 219 544 268 11
564 221 646 270 1-59

165 367 269 452 Uirgo
284 368 377 431 ferox
392 388 484 449 sexu,
499 367 605 451 fugiet
620 367 767 452 uiresque
784 367 912 434 fatiscet
949 379 953 390 ’

112 468 148 516 30
162 451 209 517 Ut
227 453 311 516 solas
326 453 443 516 tractet
456 451 575 516 reiecta
590 452 719 534 cuspide
734 451 834 516 lanas.

163 537 284 604 Noster
298 535 401 600 Sirius
416 539 465 599 est
478 535 583 600 ardor.
615 535 787 618 Neptunus
802 533 957 600 anhelans

164 623 300 686 Aestuet
314 621 400 684 inter
415 641 513 702 aquas
528 621 593 684 telo
608 621 793 684 flammante
808 641 866 702 per
879 620 999 703 undas,

163 706 180 770 I
226 725 330 785 emec
349 704 523 768 uincantur
537 725 653 786 aquae,
675 703 875 768 fumantibus
890 703 985 767 undis

191 790 313 853 ritones
328 788 478 869 Galatea,
494 787 613 852 Thetin
627 787 794 871 delphines
809 789 979 852 amabunt:

113 887 147 935 35
163 873 324 956 Quidquid
339 871 455 936 fluctus
470 872 568 936 habet
583 875 689 936 totum
704 872 861 937 succendo
876 872 1047 956 pharetris.

164 957 254 1038 Siue,
269 977 401 1040 parens,
417 960 510 1038 optas
523 956 671 1020 homines
686 957 737 1020 his
752 957 882 1040 ignibus
897 962 986 1022 ustos

165 1041 311 1106 Inlioitos
326 1040 449 1105 uiolare
463 1044 552 1105 toros
559 1091 568 1123 ,
584 1045 702 1105 utnon
716 1041 771 1124 pia
786 1040 888 1125 patris

165 1124 282 1189 Oscula
296 1128 373 1189 nata
386 1127 477 1208 petat
489 1146 549 1190 neo
564 1129 659 1189 natus
673 1126 784 1189 matris
800 1128 924 1189 amator
1074 1147 1107 1196 [p.
1122 1143 1148 1191 ul

163 1208 266 1273 Dulce
279 1208 371 1272 nefas
386 1209 495 1292 cupiat
508 1209 609 1273 frater
623 1209 780 1293 uitietque
796 1230 940 1273 sororem

112 1307 146 1356 40
161 1294 382 1378 Priuignoque
398 1315 456 1356 suo
470 1294 613 1376 potiatur
625 1294 745 1357 blanda
758 1315 914 1368 nouerca:

162 1378 255 1441 Alter
270 1377 331 1441 erit
344 1376 496 1441 Perdicca
510 1377 621 1442 furens
636 1380 732 1459 atque
748 1377 850 1440 altera
863 1375 1012 1460 Myrrha,

161 1461 308 1545 Iuppiter
323 1461 404 1525 alter
418 1461 480 1525 erit
493 1462 586 1525 terris
601 1461 640 1524 de
655 1461 753 1524 fratre
769 1461 915 1524 maritus.

161 1545 268 1610 Parua
282 1545 406 1629 loquor.
435 1549 545 1629 tauro,
560 1546 588 1609 si
603 1545 748 1627 iusseris,
764 1545 866 1609 altera
880 1545 965 1630 regis

160 1630 361 1694 Flammetur
375 1630 492 1694 coniux
506 1629 657 1694 reddetur
671 1634 704 1693 et
718 1629 819 1694 altera
833 1630 1003 1694 Phaedra?

109 1727 142 1776 45
159 1713 271 1778 Athis
285 1714 371 1778 laeta
385 1713 497 1778 Uenus
512 1714 604 1778 uultu
620 1717 743 1778 mutata
755 1717 915 1778 renarrat:

163 1797 332 1882 ‘impubes
347 1798 465 1862 lasciue
480 1820 560 1881 puer
575 1798 627 1862 cui
642 1798 785 1862 subiacet
800 1819 896 1862 omno

163 1881 256 1958 Quod
270 1885 387 1946 natura
401 1886 501 1959 creat,
518 1883 642 1946 caelum
656 1905 744 1946 mare
759 1881 864 1946 sidera
878 1881 992 1965 tellus,

160 1966 266 2031 Nemo
280 1969 374 2030 notet
384 1965 545 2030 Uenerem
558 1967 644 2050 quod
655 1967 789 2050 supplex
800 1969 903 2030 mater
914 1987 1061 2030 amorum

160 2049 251 2136 Ignis
267 2071 362 2133 opem
378 2051 415 2114 de
429 2051 520 2133 prole
536 2054 639 2135 rogat.
675 2073 751 2114 nam
764 2071 897 2114 munere
912 2050 948 2113 in
962 2049 1032 2114 isto

107 2149 143 2196 50
160 2133 314 2210 Quamuis
325 2135 369 2198 sit
379 2135 558 2199 communis
568 2135 675 2199 honor
685 2138 804 2216 tamen,
816 2133 908 2211 alme,
920 2133 1061 2208 fatemur

165 2218 247 2282 Hinc
260 2239 381 2283 numen
396 2219 469 2302 plus
484 2239 578 2303 posse
592 2221 694 2281 tuum.
725 2217 866 2280 lamenta
880 2217 1025 2298 parentis

161 2301 196 2367 Si
210 2303 316 2385 placet
330 2303 458 2387 ulcisci,
473 2302 584 2387 paucis
599 2302 744 2383 aduerte,
761 2301 898 2364 docebo:

159 2386 394 2470 Nympharum,
404 2409 485 2471 puer
496 2387 587 2470 alme,
601 2386 717 2450 chorus
726 2385 800 2448 dum
810 2384 1061 2468 pensareuoluit

160 2471 262 2534 Penei
277 2473 338 2534 sub*
350 2471 442 2536 fonte
457 2472 507 2536 sui
525 2508 559 2519 -
577 2470 677 2554 pudet
692 2492 747 2536 ore
761 2469 881 2534 referre
896 2507 938 2516 —

107 2569 143 2617 55
161 2553 245 2619 Solis
260 2559 367 2620 amata
381 2556 469 2619 canit
483 2555 634 2638 Clymene
649 2575 721 2618 mea
736 2554 871 2618 crimina
884 2551 1045 2636 Nymphis

160 2638 276 2722 Meque
288 2661 346 2703 suo
358 2661 509 2723 prensam
520 2637 688 2722 Nymphas
702 2642 815 2704 monet
828 2637 934 2701 indice
945 2636 1031 2719 Sole,

161 2721 363 2806 Uulcanique
378 2725 497 2788 sonant
513 2724 641 2807 captiuo
657 2722 761 2786 Marte
777 2726 917 2787 catenas.

161 2805 239 2881 Quis
254 2809 364 2872 audire
378 2809 458 2873 libet
473 2808 511 2872 de
524 2812 637 2872 nostra
651 2807 739 2872 clade
755 2811 934 2871 canentem.

161 2889 223 2956 Sed
237 2891 264 2955 si
280 2891 428 2956 danobis
446 2895 530 2956 certe
546 2895 675 2956 cantare
690 2890 855 2974 placebat,

163 3029 196 3078 29
215 3029 322 3080 fatetur
334 3032 402 3094 quod
415 3032 493 3094 posui
505 3034 637 3095 temptauit
648 3029 744 3080 Bacch.
801 3031 834 3080 30
846 3027 920 3078 solus
936 3025 939 3092 1
953 3031 1060 3078 retecta

89 3099 125 3147 31
147 3096 235 3146 sireus
251 3095 255 3160 Ι
272 3103 369 3147 auctor
391 3113 461 3148 corr.
479 3097 574 3148 Baect.
591 3096 595 3162 Ι
610 3099 774 3162 Neptunnus
849 3095 882 3146 36
906 3093 936 3143 Si
960 3107 1061 3158 parens

89 3164 200 3232 optaris
227 3168 391 3228 corruptelae
416 3167 512 3230 siphum
537 3167 624 3216 ueraci
650 3163 834 3228 praepositum.
873 3177 941 3213 corr.
965 3161 1061 3210 Bacch.

88 3233 126 3282 38
141 3231 318 3294 praestatuel
370 3233 402 3280 41
420 3231 533 3296 perdica
548 3230 553 3296 l
568 3243 659 3294 myrra
711 3233 744 3281 43
758 3237 851 3280 tauros
901 3230 936 3279 44
953 3227 1079 3276 Phedras

86 3298 125 3348 45
144 3297 265 3360 conseras
282 3297 322 3348 IX
339 3301 372 3349 89
449 3299 646 3364 461mpudens
667 3315 735 3350 corr.
755 3297 850 3348 Buecla
924 3297 958 3344 48
981 3299 1062 3344 notat

88 3379 161 3416 corr.
176 3363 275 3414 Bacch.
335 3367 375 3416 49
388 3381 468 3430 opem
484 3383 552 3416 corr.
574 3383 609 3416 eae
627 3381 694 3431 opes
758 3367 791 3416 50
809 3365 956 3414 trauersae
974 3363 1062 3412 eodem

88 3449 142 3499 quo
159 3445 250 3482 nerem
268 3435 300 3483 10
317 3435 391 3484 modo
409 3436 518 3502 marpini
533 3435 680 3498 adscriptus
698 3435 855 3496 numerisque
872 3436 1005 3495 exemptus
1023 3437 1062 3479 est

87 3503 125 3551 54
144 3501 249 3550 Poenei
318 3502 352 3551 55
370 3500 492 3551 Olimeno
561 3503 594 3552 58
614 3503 690 3564 Quas
706 3516 776 3551 corr.
795 3497 891 3548 Bacch.

823 3585 856 3632 1*
