2474 3886
335 217 403 268 vm
420 219 554 269 eie-ese
583 219 623 270 rx
643 221 725 271 1-22
970 219 1011 284 51

109 369 237 451 Martis,
254 372 287 431 et
302 367 408 432 ornati
423 367 540 431 misero
554 367 741 432 flammastis
757 389 865 432 amore

42 467 96 516 650
112 453 283 518 Ostensam
298 451 357 516 sub
371 455 466 516 nocte
480 451 584 516 fecem
601 472 665 534 qua
678 451 776 516 Troia
791 455 958 537 cremetur,

109 537 180 613 Qus
190 535 279 620 Phry
302 535 1009 604 esincurrantobitumsinecriminemortis.

109 620 275 706 Sanguine
317 620 430 684 roiano
446 619 574 683 dabitur
589 620 656 702 des,
672 620 761 684 clude
776 619 948 706 Pelasgum

107 704 240 769 Ditetur
253 701 378 768 Ledaea
393 703 491 788 fugax
505 725 563 790 per
578 709 683 768 castre
696 725 852 789 propago,

109 789 273 855 Orbentur
287 789 402 871 superi,
419 788 541 852 caelum
556 791 665 872 gemat
680 792 712 852 et
726 809 814 852 marc
829 788 976 874 plangat:

43 887 94 936 eet
111 872 241 939 Crimen
256 872 406 936 adulterii
419 872 493 936 talis
508 872 651 938 uindicta
668 876 830 956 sequatur.

43 1161 98 1229 IX.
127 1161 349 1226 Deliberetiua
362 1159 502 1226 Achillis
521 1177 563 1224 an
581 1157 857 1244 eorpusllcetcris
871 1161 999 1228 uendat.
1019 1182 1052 1230 u.
1065 1178 1100 1226 er

109 1315 145 1380 si
160 1313 255 1378 decus
270 1317 318 1378 est
332 1313 436 1377 uirtus
451 1317 484 1377 et
496 1314 639 1396 praemia
654 1317 770 1378 cuncta
784 1318 935 1398 meretur,

109 1398 144 1464 Si
160 1399 309 1462 meritum
323 1400 399 1480 post
411 1397 481 1462 fata
494 1400 613 1480 manet,
630 1397 657 1460 si
671 1397 758 1460 famu
772 1402 933 1480 superstes

108 1483 241 1547 Eminet
255 1486 288 1546 et
302 1481 423 1566 gaudet
436 1481 540 1546 titulis
555 1502 670 1544 ornare
686 1481 865 1564 sepulchre,

110 1571 228 1631 Annue
243 1567 329 1649 quod
341 1565 490 1648 petimus.
520 1566 614 1629 fortis
628 1586 687 1648 pro
703 1564 788 1630 forte
802 1567 942 1650 rogaris:

78 1665 94 1712 5
108 1651 267 1748 Egregiae
282 1654 404 1714 mentes
419 1651 522 1714 uirtus
537 1649 674 1714 delectat
688 1649 724 1713 in
738 1650 841 1733 hoste,

107 1734 237 1799 Inuidia
251 1755 342 1797 mens
357 1755 481 1797 summa
496 1737 592 1816 caret,
608 1733 740 1798 laudare
755 1733 870 1799 decora

107 1819 141 1886 N
142 1819 214 1884 cuit
229 1822 261 1883 et
275 1819 425 1902 ingentes
439 1815 586 1882 attollere
602 1818 718 1903 gestiet
733 1821 833 1882 aetus.

108 1903 175 1967 Dat
190 1903 293 1966 uirtus
308 1902 452 1986 exemplu
467 1902 560 1966 bonis
575 1903 686 1986 prauis
710 1923 750 1966 ue
764 1901 921 1986 pudorem
1002 1927 1005 1932 ’

108 1985 268 2052 Debilitas
288 2007 368 2069 quos
382 1986 466 2050 lassa
481 1987 607 2069 premit.
637 1991 673 2050 tu
688 1924 783 2052 lestis
797 1986 941 2052 Achilles

60 2085 92 2134 10
113 2071 198 2146 Quid
212 2071 364 2154 prohibes
379 2070 531 2153 tumulos,
548 2071 695 2152 quamuis
710 2071 834 2134 iactura
850 2071 988 2154 sepulcri

110 2155 279 2219 Temnitur
294 2159 326 2218 et
339 2153 423 2218 nihil
439 2158 487 2219 est
503 2154 639 2252 quoduis
659 2155 694 2217 in
711 2157 815 2217 morte
830 2155 1009 2236 periclum?

110 2239 145 2305 Si
161 2261 272 2303 sensus
286 2241 361 2322 post
375 2238 442 2301 fata
455 2241 555 2322 pent,
572 2259 629 2301 cur
642 2238 737 2301 busta
751 2237 935 2321 negantur?

109 2323 144 2389 si
159 2344 250 2386 mens
264 2323 331 2386 ulla
345 2326 464 2404 manet,
479 2322 544 2386 iam
559 2322 676 2386 rectius
692 2341 769 2406 ergo
783 2323 915 2403 putatur

106 2408 140 2472 N
142 2430 185 2472 cn
196 2407 322 2490 requies
335 2405 389 2470 sed
404 2427 509 2488 poena
519 2427 633 2492 rogus:
652 2410 814 2471 tormenta
828 2405 1010 2489 sepulcrum

59 2505 90 2552 15
108 2493 148 2556 ln
173 2491 235 2554 erit
255 2493 287 2554 et
301 2512 412 2555 manes
426 2491 568 2554 tolerant
581 2513 639 2574 per
652 2491 796 2555 membra
811 2487 964 2556 dolorem.

107 2512 172 2641 Sel
185 2596 315 2640 sensum
329 2597 402 2641 cum
417 2574 488 2639 luce
503 2575 598 2640 simul
612 2576 769 2658 postlata
784 2571 889 2657 perire

107 2660 268 2745 Segnibus
284 2664 316 2724 et
329 2659 437 2743 pueris
451 2659 607 2724 mentitur
620 2659 708 2724 fama
722 2659 863 2724 relatrix.

107 2745 192 2810 Sunt
206 2745 330 2808 animae
345 2747 419 2827 post
433 2744 575 2807 membru
588 2745 675 2828 piae:
697 2766 777 2828 quas
791 2745 890 2828 ignea
904 2745 1008 2810 uirtus

106 2828 208 2893 Tollit
223 2827 263 2892 ad
277 2832 363 2893 ustie
376 2827 499 2891 micans
515 2831 548 2890 et
561 2829 639 2892 solis
654 2829 689 2892 in
704 2829 781 2892 urbe
795 2828 942 2894 recondit

53 2926 88 2975 20
107 2912 252 2977 Lunares
266 2934 335 2976 uon
349 2933 444 2995 passe
460 2912 583 2997 globos.
614 2933 651 2976 ac
666 2910 802 2996 desuper
817 2913 927 2978 orbem

105 2996 308 3080 Exspectant
323 2996 494 3080 stellasque
509 3017 610 3081 uagas
627 3000 659 3060 et
673 2997 767 3082 signa
781 2997 886 3062 leonis
963 3015 965 3020 ·

108 3082 258 3164 Augusto
272 3080 349 3162 quid
360 3101 470 3144 mense
484 3083 609 3164 parent,
621 3080 698 3164 quid
710 3086 817 3146 cetera
830 3086 990 3165 temptent

110 3236 161 3285 650
188 3233 311 3286 Ostensa
337 3233 458 3284 Obtenta
481 3233 536 3283 IM
618 3237 634 3284 2
656 3241 719 3300 post
745 3253 828 3302 penta
855 3240 949 3284 manet
975 3235 1009 3297 ef.

38 3304 126 3354 Orest.
144 3304 195 3353 470
258 3303 351 3364 hpcst
369 3300 461 3352 hostes
479 3317 574 3352 rasura
637 3304 669 3353 10
688 3303 827 3367 sepulchri
891 3303 922 3350 12
942 3302 987 3351 cui

37 3376 71 3421 13
93 3375 122 3419 et
139 3369 196 3419 iem
213 3373 310 3434 pectus
328 3384 396 3418 corr.
408 3369 501 3419 Buecls.
519 3369 523 3430 Ι
538 3369 611 3420 uerbi
627 3374 742 3435 putatur
756 3385 773 3434 p
788 3373 1010 3432 theramenem

35 3441 144 3489 uidetur
208 3439 240 3487 14
258 3435 436 3500 sepulchrum
494 3437 524 3487 17
543 3435 674 3502 signibus
742 3439 774 3487 21
793 3437 956 3502 Exspectat.
974 3438 1010 3500 cf.

35 3510 63 3560 d.
84 3504 235 3556 deorsus
287 3505 320 3554 22
340 3507 452 3552 caetera

769 3585 808 3636 4⁸
