2474 3886
183 179 225 242 22
521 175 808 228 EPITHALAMIUM

198 341 231 390 at
247 326 417 394 Sufficiant
430 326 491 392 tibi
505 329 583 392 uota
598 324 725 391 Uenus:
740 324 928 410 praecordia
942 324 1023 390 dura

249 411 358 477 Mollis
373 411 460 476 adire
476 412 569 494 soles,
584 411 769 476 nolentibus
784 410 831 472 irc
846 431 904 492 per
918 413 1006 474 artus

248 497 294 561 Et
308 501 432 561 mentes
447 497 567 560 intrare
582 517 695 560 senum
710 515 873 578 uenasque
888 495 995 558 leuare

249 580 266 645 I
311 582 384 646 ibus
401 585 433 645 et
447 580 569 665 gelidas
584 579 695 644 calidis
710 599 858 662 reparare
873 577 1012 660 fauillas‚

282 669 297 728 t
311 669 482 729 ueteranus
497 670 584 729 amet
598 664 706 728 senior
721 684 778 728 ceu
792 683 897 747 nuper
911 661 1050 726 adultus.
1224 657 1226 734 l

101 770 131 822 [p.
145 770 178 822 rs]
202 761 235 810 30
249 747 326 815 Non
341 769 401 833 ego
417 748 554 813 lasciuus
570 752 646 832 opto
662 746 743 811 mihi
758 767 898 812 crescere
913 767 1034 826 sensus,

251 832 315 898 Sed
328 854 444 916 precor
457 836 632 918 aspergant
650 835 797 896 nostrum
811 834 869 895 tua
883 830 1026 895 carmina
1039 833 1156 914 pectus

253 916 300 981 Ut
314 917 437 980 ualeam
454 921 583 981 cantare
597 921 671 982 tuos
685 937 743 999 per
758 918 836 979 uota
849 915 1032 998 triumphos

251 1000 296 1064 Et
309 1002 417 1064 mixtis
433 1002 549 1065 saltare
565 1001 681 1083 choris,
696 1003 825 1064 cantare
841 999 983 1063 choreas.

251 1083 386 1149 Publica
400 1086 570 1170 magnifice
584 1107 643 1169 per
657 1085 786 1158 moenia
800 1088 878 1148 uota
892 1086 1061 1168 gerantur:

203 1181 236 1230 ac
252 1167 338 1244 Quas
353 1168 441 1233 dedit
456 1191 521 1233 una
536 1168 658 1253 domus,
674 1169 787 1234 domus
803 1169 921 1252 excipit
935 1189 1001 1232 una
1016 1189 1155 1252 sorores,

254 1251 397 1328 Quorum
413 1254 553 1318 umbone
567 1258 661 1339 tegor
675 1254 728 1318 uel
744 1275 881 1337 quorum
896 1275 1029 1316 munere
1042 1253 1134 1318 uiuo.

252 1337 332 1402 Post
347 1339 453 1402 uarios
469 1360 560 1402 casus
575 1343 648 1423 post
661 1341 712 1402 tot
726 1337 912 1402 discrimine
925 1337 1011 1402 uitae

253 1421 429 1486 Porrexere
443 1423 530 1505 piam
545 1422 671 1506 placido
686 1443 746 1506 pro
761 1422 904 1506 tegmine
919 1421 1064 1486 dextram

253 1505 298 1569 Et
313 1505 399 1588 quod
413 1507 515 1569 maius
531 1511 609 1589 erat,
625 1508 703 1570 laesi
717 1506 858 1570 tribuere
873 1505 1010 1570 salutem

206 1601 240 1650 40
254 1589 495 1671 Fortunamque
510 1591 591 1655 mihi
605 1590 754 1655 reducem
769 1591 888 1674 pietate
903 1594 1076 1680 nonerunt.

255 1671 407 1755 Quisquis
422 1675 512 1737 adest
525 1675 653 1760 sapiens
668 1675 878 1740 scholasticus
893 1679 990 1759 atque
1004 1675 1130 1758 peritus

255 1757 406 1820 Accurrit
425 1757 556 1824 laudare
576 1760 690 1825 uolens
705 1762 833 1823 cantare
848 1762 993 1842 paratus:

256 1838 343 1915 Quin
359 1861 418 1925 ego
433 1841 584 1908 festinem
599 1845 709 1908 laudes
725 1847 758 1909 et
772 1844 915 1908 earmina
929 1844 1012 1907 ferre

255 1923 320 1988 Pro
336 1924 459 1991 meritis
474 1926 654 2012 animisque
667 1928 798 1993 uirum?
824 1950 905 2012 puer
920 1928 1002 1992 alme
1018 1925 1159 2011 Cupido,
1224 1981 1225 2010 q

206 2006 270 2072 451
317 2030 355 2073 ea
363 2011 539 2158 progenies
555 2017 588 2077 et
600 2034 707 2078 rerum
721 2034 836 2096 perpes
850 2013 952 2098 erige,

288 2114 328 2157 uc
343 2115 362 2157 a
384 2115 417 2156 es
433 2102 574 2164 armatus
588 2095 695 2162 fluidis
710 2101 785 2180 post
798 2101 891 2182 terga
905 2095 1075 2180 pharetris,

254 2178 358 2243 Inbue
372 2179 515 2262 pinnatis
530 2205 645 2267 precor
659 2181 769 2248 oscula
785 2181 903 2246 blanda
917 2203 952 2245 sa
978 2181 1052 2263 'ttis,

256 2262 418 2330 Morsibus
433 2267 565 2332 alternis
581 2271 617 2330 ut
631 2268 775 2330 lambens
790 2265 902 2350 lingua
916 2288 959 2350 pa
972 2269 1060 2329 atum

258 2348 379 2431 Tergat
394 2355 426 2415 et
440 2351 580 2415 udentur
594 2351 757 2433 suspensis
772 2349 921 2414 dentibus
937 2372 1003 2415 ora.

207 2442 240 2490 50
255 2431 277 2495 S
302 2453 382 2494 cusa
395 2435 557 2499 maritales
572 2438 746 2518 cognoscat
759 2437 833 2498 utra
848 2456 984 2519 uapores

285 2519 300 2578 t
315 2536 435 2598 sponso
451 2520 496 2583 sic
511 2519 627 2603 iungat
641 2540 731 2583 amor
746 2520 836 2604 quasi
853 2540 986 2602 corpore
1002 2519 1036 2581 in
1052 2540 1122 2584 uno

256 2597 397 2666 Brachia
410 2601 566 2689 uirgineis
581 2602 753 2668 adnectens
768 2604 879 2668 stricta
892 2603 1028 2667 lacertis.

255 2681 323 2746 Has
338 2688 512 2752 matronali
526 2687 626 2752 societ
641 2687 678 2751 de
694 2710 782 2753 more
799 2693 946 2752 cateruae

258 2765 430 2835 Blanditus
446 2773 504 2837 sub
519 2771 631 2836 fraude
647 2773 740 2836 dolor
754 2772 813 2836 sub
827 2772 961 2837 uulnere
977 2775 1065 2836 casto

208 2861 240 2909 55
256 2849 489 2941 Seruatumque
505 2857 559 2921 diu
574 2856 678 2939 rapiat
692 2857 752 2921 hac
766 2860 861 2921 nocte
876 2857 1031 2940 pudorem

255 2934 301 3000 llt
312 2959 437 3021 poenae
453 2942 496 3006 sit
509 2943 631 3006 merces
646 2963 745 3025 amor,
760 2942 815 3024 pia
827 2941 977 3026 pignora,
992 2940 1072 3006 nuti.

273 3194 306 3244 42
327 3195 506 3260 percuciens
528 3200 649 3263 scriptum
672 3204 711 3248 est
738 3200 766 3246 et
788 3196 911 3246 carmina
937 3197 1010 3246 ferre
1036 3198 1084 3248 red
1114 3214 1168 3248 ecn-

193 3265 311 3322 punctum
379 3266 413 3316 43
435 3267 462 3314 in
483 3266 556 3314 initio
578 3281 667 3314 uersus
688 3267 810 3328 scriptum
832 3271 871 3314 est
892 3265 946 3314 Pro
969 3265 1075 3314 meritis
1102 3267 1169 3315 ani-

194 3323 300 3390 misque
316 3329 424 3396 ulruml
449 3335 551 3396 quanto
571 3346 623 3396 ego
642 3331 744 3381 festine
767 3345 834 3380 corr.
854 3330 950 3384 Bueed.
1018 3334 1052 3382 47
1070 3331 1171 3383 Indue

193 3392 371 3468 emanares.
440 3401 473 3450 50
490 3393 564 3464 utra]
583 3401 665 3447 latere
687 3399 788 3448 uidetur
810 3412 880 3462 pura
904 3413 938 3447 an
957 3399 1056 3464 uirgo?
1133 3403 1171 3451 51

193 3464 293 3522 ”¹⁰8⁸st
354 3467 387 3516 55
406 3465 518 3531 rapiant
535 3482 569 3516 ac
587 3481 656 3515 corr.
670 3463 768 3518 Bacch.
1221 3479 1222 3492 π

607 3727 924 3806 M
