2468 3888
482 211 630 267 FLORVS.
998 206 1038 272 31

95 409 128 418 —
145 373 183 440 ib.
204 375 223 440 8
246 375 467 440 ‘exsinuatur'
491 374 673 459 Salmasius,
697 375 737 440 cf.
753 375 795 440 id.
818 397 913 441 earm,
936 375 1039 459 1.29;

94 462 301 524 ‘extenuatur’
325 459 356 525 S.
380 499 421 508 -
443 461 486 526 ib.
509 461 529 525 9
551 460 651 524 ‘cito’
674 459 745 524 add.
769 458 865 525 Satin.

472 561 634 626 Eiusdem.

485 647 523 710 de
545 668 627 711 1011.

92 744 131 809 12.
162 746 228 834 [aut
248 748 311 813 hoc
332 748 404 812 risit
425 751 528 813 Amor
549 752 606 813 aut
625 748 688 812 hoc
710 747 749 812 de
770 749 898 832 pectine
919 750 1018 814 traxit

181 833 327 916 urpureis
349 855 464 899 aurora
486 833 587 898 comis
608 836 665 897 aut
686 833 830 898 sentibus
850 834 955 898 haesit

159 854 272 1004 dypris
295 918 401 983 ethic
424 919 525 1002 spinis
547 917 665 982 insedit
686 919 818 1005 sanguis
840 917 962 1006 acutis]
1034 939 1038 946 ’

140 1000 177 1069 V.
200 1005 221 1068 2
244 1004 450 1088 ‘purporeis’
473 1003 504 1068 S.

477 1103 639 1169 Eiusdem.

480 1189 518 1253 de
540 1190 630 1254 rosis.

88 1287 127 1352 13.
160 1291 283 1378 [1101111
306 1294 375 1355 erat
389 1289 541 1375 Veneris,
564 1290 665 1356 roseis
687 1290 899 1356 circumdatis
920 1292 1038 1378 herbis,

158 1380 267 1524 pratus
288 1396 366 1461 ager
386 1375 549 1460 dominae,
573 1396 669 1460 quem
683 1376 739 1459 qui
754 1375 886 1441 vidisset
906 1384 1037 1442 amaret.

178 1483 233 1526 um
259 1482 340 1544 puer
360 1461 414 1525 hic
439 1461 560 1545 passim
580 1465 733 1545 properat
754 1460 922 1545 decerpere
943 1462 1038 1528 fiores

158 1550 190 1610 et
211 1547 317 1610 velare
339 1567 462 1630 comas,
485 1546 579 1630 spina
599 1545 714 1610 libavit
735 1549 829 1612 acuta

119 1642 133 1689 5
157 1652 352 1696 marmoreos
368 1631 502 1718 digitos:
524 1653 600 1696 mox
614 1634 652 1695 ut
666 1629 758 1696 dolor
772 1629 888 1717 adtigit
902 1635 990 1697 artus

158 1717 430 1801 sangrnneamque
444 1737 586 1800 manum,
600 1715 699 1781 tinxit
713 1739 770 1781 sua
783 1717 907 1782 lumina
920 1721 1023 1804 gutta.
1160 1693 1167 1715 Ι

156 1801 304 1885 pervenit
318 1801 359 1866 ad
371 1805 508 1867 matrem
522 1801 674 1866 frendens
689 1801 855 1886 defertque
870 1804 1037 1887 querellae.

157 1885 258 1950 ‘unde
279 1907 385 1970 rosae,
408 1889 524 1971 mater,
548 1890 723 1970 coeperunt
745 1908 812 1951 esse
834 1888 1010 1952 nocentes?

156 1970 241 2035 unde
263 1972 312 2035 tui
333 1971 428 2035 fiores
450 1992 595 2057 pugnare
616 1971 791 2035 latentibus
813 1972 934 2036 armis?

118 2056 243 2120 labella
253 2060 371 2142 genmt
381 2077 516 2120 mecum.
532 2055 620 2178 {ipris
627 2055 716 2120 color
727 2059 759 2119 01
766 2077 860 2120 cruor
870 2057 1036 2144 nnuman]

442 2189 461 2226 a
647 2188 666 2224 ak

135 2241 211 2308 Va
235 2243 304 2307 ‘hic
326 2263 406 2326 puer
426 2242 521 2305 dum'
538 2238 569 2325 S,
590 2263 672 2306 corr.
689 2239 871 2306 Salmasius.
895 2280 936 2288 —
957 2242 1000 2306 ib.
1017 2243 1037 2307 9

81 2329 88 2360 ³
114 2336 251 2413 ugnare'
268 2326 361 2410 idem,
385 2329 568 2412 ‘pugnant’
585 2324 616 2409 S,
640 2329 807 2412 ‘pungunt
821 2326 1036 2392 latitantibus'

80 2347 263 2494 dirivemus,
290 2411 366 2476 fort.
390 2415 556 2498 ‘pugnant
576 2411 778 2476 latitantibus
786 2418 807 2475 '.
832 2447 868 2458 -
898 2411 942 2476 ib.
967 2417 1037 2498 ‘ge-

78 2501 165 2562 runt'
187 2521 227 2582 v.,
257 2500 405 2583 ‘gerant’
429 2495 467 2580 ὃς
495 2499 578 2561 ‘est’
607 2496 694 2581 quod
720 2495 756 2560 in
783 2495 891 2560 codiee
917 2496 1037 2582 legitur

97 2586 147 2646 011
167 2583 289 2648 ‘floris’
312 2581 353 2646 ad
381 2582 479 2646 finem
500 2582 595 2646 metri
626 2581 790 2647 revocavit
810 2580 1035 2647 Baehrensius.

78 2601 208 2816 ἓξ110111
241 2688 430 2752 responsum
467 2667 582 2731 lacuna
616 2667 768 2732 haustum
804 2670 888 2731 recte
924 2668 1038 2732 statuit

115 2774 282 2922 eslidiiiquc
304 2837 411 2902 addidi
432 2836 614 2922 fragmenta
634 2836 774 2920 pedestri
794 2858 940 2902 sermone
962 2859 1037 2902 con-

77 2924 199 3008 scripta,
222 2944 304 3008 quae
326 2924 479 3021 leguntur
501 2920 586 3004 apud
601 2918 783 2986 Charisium
803 2923 947 3008 pgg.38.
965 2923 1036 2987 113.

76 3004 127 3092 99,
155 3009 309 3094 quoniam
336 3008 437 3072 videri
455 3006 1036 3156 ἱΓο11111111111111010110111010
1098 3017 1101 3023 '

75 3099 257 3173 poematum
272 3092 420 3158 datorum
435 3115 454 3156 1
489 3091 699 3156 Hadrianum.
722 3090 806 3156 Sunt
819 3096 926 3156 autem
941 3091 1035 3156 haec:

74 3178 198 3244 Annius
219 3177 336 3243 Florus
363 3178 403 3242 ad
425 3177 545 3242 Divum
566 3176 767 3242 Hadrianum
788 3176 962 3260 ‘poematis
984 3175 1036 3240 de-

74 3259 188 3329 lector'
212 3263 335 3350 (cabis
357 3261 641 3348 legunturverba)
664 3266 696 3327 01
722 3282 834 3345 porro:
861 3259 909 3325 Fl.
933 3260 973 3325 ad
994 3260 1035 3325 D.

73 3343 112 3412 H.
136 3350 245 3434 ‘quasi
268 3349 307 3412 de
328 3349 435 3412 Arabe
458 3352 514 3413 aut
535 3345 681 3412 Sarmata
701 3346 896 3411 manubias’.
