2474 3886
491 225 542 277 VII
564 227 690 278 89-153
1031 225 1072 288 29

175 374 344 459 Temporis
358 373 537 458 immodici,
553 395 613 438 nec
627 397 686 440 uos
701 376 832 458 impune
846 377 966 440 tacetis.
1221 330 1224 434 l

176 459 286 525 Pocae
301 464 350 524 est
364 480 432 522 non
446 458 550 522 leuior
564 459 657 524 uobis
672 459 837 543 quatiente
851 460 983 543 pudore,
1223 475 1224 536 l

175 542 268 618 Quod
284 545 359 608 licet
373 544 524 628 exiguum
539 547 648 608 tamen
663 545 748 608 inter
761 544 832 607 iura
845 548 975 629 poetam
1223 547 1224 562 ¹

178 627 335 693 Temnitis
350 628 552 693 immemores
567 627 706 693 facunda
720 631 827 692 mente
841 629 945 711 periti.
1052 666 1054 671 ·
1224 649 1225 696 l

111 724 164 772 125
180 710 265 786 Quid
279 711 410 796 prodest
424 733 567 776 seruasse
582 711 748 778 hominem
762 717 837 795 post
850 716 949 777 tanta.
957 713 1077 796 pericla
1224 718 1225 782 l

176 796 220 859 Et
236 797 379 860 clausurn
393 797 524 879 liquisse
540 797 595 861 diu
611 797 670 861 sub
686 796 773 860 clade
789 796 923 860 salutis?
1224 821 1225 824 ¹

180 879 257 946 Non
271 882 355 945 male
370 881 503 964 peccaui
517 902 648 946 neorex
663 883 762 944 iratus
778 881 888 965 inique
904 885 960 963 est,

180 963 241 1028 Sed
256 966 342 1029 mala
355 986 446 1028 mens
461 964 602 1030 hominis
624 987 705 1050 quae
721 965 836 1029 detulit
851 986 906 1029 ore
921 964 1063 1047 maligno

177 1048 222 1112 Et
236 1051 318 1113 male
334 1049 494 1134 suggessit
508 1054 586 1115 tunc
601 1054 634 1114 et
648 1071 720 1113 mea
734 1049 820 1113 faeta
835 1049 993 1134 grauauit.

116 1144 169 1192 130
183 1132 319 1197 Poscere
335 1155 430 1217 quern
445 1134 705 1215 ueniam'decuit‚
721 1134 804 1197 malo
819 1135 952 1198 suscitat
966 1134 1029 1198 iras

180 1216 224 1280 Et
239 1217 405 1282 dominum
420 1238 593 1302 regemque
606 1219 697 1302 pium
712 1218 835 1283 saeuire
851 1219 966 1302 coegit.

181 1300 212 1364 N
215 1323 266 1364 am
282 1302 358 1365 deus
375 1303 580 1385 omnipotens
596 1303 786 1386 compungit
800 1303 897 1367 corda
911 1302 1052 1386 regentis

182 1384 317 1460 Quando
331 1387 420 1450 iubet
433 1387 555 1468 pietate
571 1409 628 1450 sua
642 1386 834 1468 ueniamque
849 1387 979 1450 relaxat.

182 1471 228 1533 At
242 1492 314 1534 cum
330 1471 410 1534 liber
426 1492 480 1535 ero
497 1470 627 1536 domino
643 1471 830 1556 ignoscente
844 1470 1002 1552 reduetus,

119 1567 170 1615 135
185 1553 271 1617 Dum
287 1558 372 1619 tacet
387 1577 422 1618 os
437 1558 581 1620 uestrum
594 1577 729 1620 neonus
744 1577 890 1620 sermone
905 1554 1033 1635 iuuetis,

182 1637 326 1703 Nomina
340 1642 448 1703 uestra
462 1661 535 1705 reor
549 1638 721 1723 praeconii
735 1639 826 1704 nulla
839 1640 1024 1704 manebunt.

186 1720 247 1786 Sed
262 1745 306 1786 ne
318 1727 440 1787 maesta
454 1744 573 1788 canens
589 1724 760 1789 concludat
774 1745 902 1788 carmen
917 1723 1045 1804 amoris,
1092 1745 1122 1798 [p.
1136 1741 1169 1796 ³11

184 1806 264 1870 Post
279 1807 357 1871 haec
372 1811 449 1872 uota
463 1831 579 1891 parens
595 1809 671 1893 quid
687 1809 729 1883 sit
743 1808 868 1873 factura
881 1807 998 1889 Dione,

183 1889 364 1956 Murmuret
379 1914 414 1956 os
429 1893 577 1978 tacitum,
594 1894 721 1959 Carales
737 1915 809 1957 cum
824 1892 967 1976 coeperit
980 1891 1035 1954 iri:

119 1985 170 2036 140
186 1977 318 2040 Aeolias
332 1980 421 2060 petet
435 1977 492 2040 illa
507 1979 618 2043 domos
633 1978 759 2043 aditura
773 1983 947 2061 tyrannum

182 2058 229 2122 Ut
244 2059 350 2124 frenet
364 2065 480 2125 uentos
496 2067 528 2126 et
543 2063 670 2126 caerula
684 2084 845 2126 marmora
858 2061 979 2142 tendat,

181 2142 313 2208 Mollior
327 2167 405 2209 aura
418 2167 530 2209 means
550 2150 677 2234 tantum
692 2146 779 2210 bona
792 2146 927 2209 flumina
940 2145 1058 2226 mittat,

188 2226 234 2292 Ut
248 2229 325 2293 ratis
340 2230 511 2294 incolumis
527 2227 700 2294 Sardorum
715 2229 825 2293 littora
838 2231 961 2312 tangat.

187 2311 218 2376 N
222 2334 258 2376 ec
272 2321 372 2410 negat
386 2313 466 2378 haec
489 2313 591 2378 Eolus
607 2313 786 2377 Uenerisua
800 2315 871 2377 iura
884 2311 1025 2395 roganti.

124 2408 175 2456 145
192 2395 305 2480 Cypris
319 2421 355 2461 m
372 2402 488 2462 ornatu
503 2399 638 2463 ueniens
652 2398 735 2463 freta
750 2397 864 2483 glauca
877 2399 1023 2480 uagatur,

190 2479 270 2544 Cum
286 2483 393 2567 pelagi
408 2481 569 2566 Nymphis
584 2484 678 2548 ibunt
693 2483 835 2555 Tritonis
851 2480 973 2546 alumni

186 2563 362 2630 Nereidum
377 2572 546 2650 spumante
562 2567 660 2632 choro
675 2567 857 2651 Phorcique
872 2566 1004 2629 clientes

190 2648 335 2734 Gurgitis
350 2653 500 2734 aequorei
515 2653 618 2734 pisces
633 2653 787 2716 immania
801 2655 869 2716 oete

189 2732 234 2797 Et
248 2757 467 2819 quaecumque
481 2736 586 2800 latens
601 2741 711 2821 surget
726 2737 764 2800 de
779 2735 929 2799 fluctibus
943 2731 1016 2796 imis

124 2829 176 2878 150
192 2816 294 2881 Belua
308 2819 460 2884 terribilis
476 2842 614 2885 summas
630 2821 748 2906 gestire
762 2842 820 2904 per
835 2818 946 2898 undas,

190 2901 279 2964 Inter
295 2925 373 2986 quas
390 2904 541 2987 delphine
556 2904 669 2968 sedens
686 2904 820 2969 Galatea
833 2903 952 2967 minaei

190 2983 378 3068 Neptunum
395 2988 567 3070 perfundet
581 2989 673 3072 aquis
687 2993 817 3053 rorante
832 2988 964 3068 fluente,

188 3069 247 3133 Ille
263 3076 360 3154 caput
374 3073 569 3156 barbamque
585 3075 648 3136 ciet
661 3073 786 3137 ridente
800 3073 918 3138 Dione.

192 3242 240 3289 122
258 3245 366 3304 spatium
388 3259 437 3292 non
455 3247 577 3294 relietum.
606 3247 734 3308 suppleuit
752 3245 848 3294 Bueclt.
919 3241 967 3290 129
990 3238 1051 3287 fala

120 3307 172 3356 132
192 3317 358 3373 compunget
376 3311 555 3362 rorr·.Bueclr.
628 3315 675 3362 137
694 3327 746 3362 neo
818 3314 866 3361 142
885 3310 985 3358 mictat
1043 3303 1092 3354 146

118 3374 253 3424 Tritones
271 3393 339 3425 corr.
361 3377 453 3427 Bacch.
537 3381 586 3429 148
605 3387 684 3447 caete
754 3381 802 3428 149
821 3381 857 3427 At
882 3376 887 3441 Ι
914 3374 1004 3440 surgit
1021 3387 1090 3423 corr.

117 3439 218 3496 Bacch.
295 3447 341 3494 150
365 3445 446 3494 Bella
524 3449 571 3496 151
595 3439 694 3498 de'ltine
782 3448 830 3496 153
854 3447 909 3496 ciet
932 3442 1007 3508 quasi
1034 3456 1092 3492 cor·

114 3513 238 3573 ruptelce
256 3513 328 3574 signo
346 3518 457 3562 notatum
