2474 3886
179 209 218 272 16
542 207 826 260 cournousasm

241 357 405 424 Sollicitus
420 357 539 420 multos
554 356 671 420 metuit
685 376 781 438 quem
795 355 891 418 turba
905 359 1052 439 ueretur‚

243 441 453 512 Circumdant
466 440 589 522 famuli,
604 439 713 522 plures
729 440 890 522 stipantur
905 441 1010 504 amici.

179 539 229 588 180
243 525 365 590 Diuitis
377 525 531 608 obsequio
544 524 707 587 concurrit
720 525 816 586 turba
827 523 990 608 clientum,

241 609 294 676 Sic
309 611 371 674 iter
386 613 515 692 aptatur
529 608 582 671 uel
597 607 752 672 transitus
767 606 821 670 ille
843 613 985 691 paratur,

241 695 370 759 Audeat
383 698 422 757 ut
435 693 543 756 nullus
558 691 622 755 hoc
636 695 862 775 praetereunte
877 692 999 756 uenire.

223 930 387 1004 Quaestio:
407 930 453 993 At
465 928 605 1010 inquies:
626 927 681 992 sed
694 928 803 1010 potest
816 947 971 994 uenenum
984 946 1106 1012 pauper

306 1090 309 1093 ,
348 1017 447 1082 diuiti
460 1018 584 1084 secreta
597 1017 783 1098 obreptione
797 1034 981 1100 supponere.

242 1172 339 1236 Tetra
352 1191 479 1234 uenena
493 1170 566 1234 neci
580 1170 684 1254 pretio
699 1170 820 1234 maiore
837 1175 992 1253 parantur

241 1256 286 1320 Et
299 1277 417 1320 munus
432 1259 554 1319 secreta
566 1254 671 1318 fouet:
688 1255 760 1338 quis
775 1255 921 1318 conscius
936 1277 1078 1339 unquam

180 1353 228 1402 185
243 1341 454 1423 Incorruptus
470 1339 544 1421 erit,
561 1339 617 1424 qui
631 1360 699 1403 non
714 1339 756 1404 sit
771 1343 856 1402 sorte
872 1339 1055 1423 redemptus

243 1423 404 1500 Quantam
414 1424 504 1488 diues
515 1423 848 1506 habetquantamnee
859 1423 1148 1506 pauperhabebit‘?

242 1508 334 1572 Adde
350 1508 437 1590 quod
449 1507 563 1570 infelix
577 1529 701 1590 pauper
715 1528 775 1571 nee
789 1513 886 1572 noete
901 1508 1099 1592 propinquat

241 1591 364 1656 Diuitis
378 1591 420 1653 ad
434 1593 565 1657 tectum.
595 1612 671 1654 nam
686 1613 763 1656 mox
776 1613 836 1674 pro
851 1591 923 1656 fure
944 1596 1081 1674 tenetur,

242 1674 429 1739 Nocturnus
445 1677 606 1758 grassator
622 1675 692 1758 erit,
707 1674 843 1741 ferietur
857 1675 989 1739 inermis

182 1773 231 1820 190
246 1759 290 1823 Et
304 1761 483 1842 prostratus
498 1759 592 1842 inops
607 1760 784 1824 armabitur
799 1781 874 1824 ense
887 1764 1019 1842 cruento

246 1841 293 1907 Ut
307 1843 451 1926 gladium
465 1843 631 1907 strinxisse
646 1846 740 1928 putes
754 1845 790 1909 in
805 1845 874 1908 fata
887 1843 1029 1929 potentis

244 1926 368 1991 Diuitis
384 1932 458 1991 ante
472 1927 568 1992 fores.
597 1928 738 1992 medicos
753 1931 809 1992 aut
822 1928 907 1992 forte
921 1929 1087 1992 ministros

86 2044 118 2091 [p.
132 2043 167 2092 ιη
246 2009 427 2076 Sollicitare
441 2014 550 2094 potest
564 2011 668 2075 audax
683 2012 742 2075 sub
757 2016 852 2076 noete
868 2011 976 2076 silenti

246 2093 311 2170 Qui
326 2096 385 2160 sub
400 2096 471 2160 luce
486 2095 596 2179 fugit?
617 2095 754 2180 pauidos
768 2097 924 2161 informat
939 2099 1079 2180 egestas,

183 2193 230 2242 191
246 2179 390 2246 Diuitiae
406 2181 491 2246 uires
505 2184 672 2264 praestant
686 2181 874 2264 animosque
889 2185 1068 2244 resumunt.

244 2265 423 2350 Paupertas
438 2267 586 2330 conferre
600 2270 705 2329 metus
721 2265 846 2330 adferre
860 2287 1016 2348 pauorem

244 2349 347 2416 Nouit
362 2354 394 2414 11
407 2350 443 2413 in
458 2351 592 2412 miseros
608 2370 734 2431 semper
748 2349 913 2414 stimulare
928 2351 1086 2434 potentes.

245 2499 396 2563 Forsitan
412 2495 559 2562 obiicias:
574 2497 663 2563 urbis
679 2499 828 2565 defensor
842 2499 989 2565 habetur.

243 2581 322 2646 Non
337 2603 418 2665 opus
434 2586 483 2646 est
496 2581 655 2666 laedatur,
671 2584 726 2648 ais.
755 2606 815 2648 nec
829 2583 936 2648 laedat
949 2584 1126 2667 honestos,

182 2679 232 2728 200
246 2663 287 2730 In
302 2687 471 2730 commune
486 2665 590 2731 bonos
605 2672 692 2734 totos
708 2669 859 2733 defendat
874 2673 905 2734 ct
921 2673 1024 2752 ornet,
1045 2687 1049 2692 ·

245 2750 360 2835 Erigat
375 2771 555 2835 oppressos,
571 2751 741 2817 mediocris
756 2774 879 2838 pauper
893 2757 1027 2818 ametur.

245 2834 323 2899 Non
340 2833 412 2898 ideo
429 2835 549 2899 bellum
564 2840 633 2901 tota
652 2840 771 2901 uirtute
786 2837 913 2922 peregit

249 2917 296 2982 Ut
310 2918 406 2982 liceat
419 2919 482 2983 ciui
497 2920 583 2983 ciues
598 2920 730 3004 impune
745 2943 868 2986 necare.

249 2999 379 3066 Fortior
395 3005 443 3066 est
458 3003 547 3068 diues
561 3005 698 3088 iuuenis,
713 3006 816 3090 magis
831 3005 906 3070 inde
921 3003 1092 3069 timendus.

253 3159 302 3208 178
317 3166 379 3222 port
401 3157 501 3207 multos
518 3161 612 3223 lepitur
634 3160 727 3208 timuit
744 3162 792 3209 sed
813 3152 965 3224 eapunctom
1036 3160 1085 3210 184
1108 3159 1159 3222 qui

184 3240 253 3275 corr.
273 3224 367 3278 Bueclr.
453 3227 501 3276 185
524 3226 648 3290 quisquis
671 3243 739 3277 corr.
760 3227 877 3290 811111
899 3227 970 3276 forte
994 3235 1021 3276 et
1043 3227 1091 3277 186
1118 3226 1159 3276 bis

186 3296 319 3354 quantum
338 3293 405 3357 quod
421 3295 497 3354 posui
513 3295 645 3356 temptauit
668 3293 760 3344 Buerl.
849 3295 896 3344 191
916 3293 1038 3357 petentis
1105 3295 1158 3344 197

183 3360 292 3420 spatium
309 3362 424 3410 relictum
444 3361 589 3424 slpnumque
611 3364 774 3423 corruptelae
794 3363 940 3424 praeficem
958 3369 1005 3411 111.
1042 3361 1074 3410 de
1091 3373 1158 3424 sup·

181 3425 308 3485 1111111
327 3428 447 3490 conferas
465 3425 505 3475 IX
524 3424 558 3487 71
578 3428 631 3476 ulio
649 3431 763 3491 quaestio
786 3429 812 3476 in
833 3427 996 3492 sequentibus
1013 3433 1159 3478 tractatur.

184 3495 303 3542 nonnulla
321 3496 482 3544 ecciderunt.
552 3495 603 3541 ‘200
621 3493 708 3542 bonus
727 3509 795 3543 corr.
815 3493 913 3548 Buecll.

588 3773 897 3850 An
