2468 3888
464 212 688 271 HADRIANVS.

297 464 326 539 Ι.
370 463 541 538 AELIVS
568 463 858 539 HADRIANVS.

162 630 310 697 Videnda
331 652 412 715 quae
435 631 517 696 dixit
537 632 575 696 de
597 630 762 696 Hadriano
782 631 1009 718 Bernhardyus
1031 634 1063 698 h.

98 717 118 780 l.
147 715 183 781 L.
212 716 260 780 ed.
287 715 337 780 ΠΙ
369 737 445 802 pgg.
477 715 555 800 297,
583 717 612 782 8.
673 715 735 781 Hie
771 716 946 801 imperator
980 718 1065 782 inter

100 805 205 866 cetera
228 802 314 865 vitae
342 800 576 867 oblectamenta
604 801 701 866 eliam
728 801 872 866 versibus
898 802 1064 868 mediocri-
1177 879 1180 890 1

96 887 156 950 bus
179 885 302 951 Graeca
335 886 456 969 pariter
483 907 520 951 ao
541 885 659 951 Latina
684 885 797 972 lingua
823 887 949 972 scriptis
976 887 1063 952 haud

98 970 290 1036 mediocrem
306 992 436 1054 operam
450 971 631 1055 insumpsit.
661 969 738 1036 ruis
757 972 844 1037 eninr
858 976 896 1037 nl
909 973 956 1037 ail
970 970 1064 1056 Spar-

97 1057 206 1120 lianus
228 1059 261 1120 et
281 1059 467 1139 poematum
488 1060 522 1120 et
542 1055 722 1120 litterarum
744 1059 904 1142 omniurn,
926 1057 1064 1122 maxime

97 1144 259 1225 veterum,
287 1140 553 1224 sludiosissimus3
575 1162 652 1205 nam
673 1144 707 1205 et
728 1139 876 1207 Ciceroni
898 1141 1063 1228 Catonem,

99 1223 247 1311 Vergilio
262 1223 421 1309 Ennium,
437 1224 589 1290 Sallustio
605 1223 749 1291 Caelium
770 1228 932 1310 praetulit.
961 1227 1063 1292 Fuere

96 1314 205 1374 aulem
233 1310 351 1394 scripta
377 1310 495 1375 diversi
552 1311 672 1395 eneris,
706 1309 762 1375 sed
792 1313 918 1396 saepius
946 1314 1063 1378 tenuis.

95 1394 219 1460 Pueros
268 1417 327 1460 uos
357 1395 497 1460 habebat
523 1331 675 1460 delicatos
707 1396 851 1461 versibus
884 1418 956 1461 eum
984 1397 1064 1462 eele-

52 1507 53 1510 ¹
96 1481 208 1544 brasse
236 1479 362 1652 a'arpue
391 1481 547 1545 amaloria
577 1480 718 1545 carmina
745 1481 923 1546 condidisse
954 1486 1065 1546 narrat

98 1563 288 1649 Sperfianus
329 1586 355 1629 o.
377 1563 495 1652 Xffll}
541 1563 625 1641 Quid
646 1565 732 1649 quod
760 1566 896 1632 eundem
918 1567 993 1652 equi
1014 1567 1064 1632 sui

18 1663 19 1666 ’
94 1649 237 1715 venatici
259 1649 310 1714 cui
326 1671 446 1714 nomen
461 1654 530 1715 eral
543 1649 740 1735 Borystheni
760 1652 884 1718 tumulo
907 1653 1064 1738 epigram-

95 1740 184 1799 mata
206 1735 246 1798 ab
268 1734 280 1798 i
303 1755 338 1799 so
361 1735 540 1819 composita
561 1735 766 1820 insculpsisse
788 1741 901 1803 auctor
922 1742 972 1803 est
990 1735 1064 1803 Oas-

95 1821 162 1884 sius
184 1817 249 1884 Dio
311 1818 449 1904 XVIIII,
474 1819 550 1907 10]?

303 1906 330 1968 1.
366 1925 425 1991 ego
448 1904 525 1970 nolo
547 1905 663 1970 Florus
686 1927 768 1991 esse,

365 1989 504 2054 amblare
526 2010 584 2073 per
604 1990 769 2074 labernas,

366 2074 492 2139 latitare
513 2095 572 2158 per
592 2075 744 2158 popinae,

365 2159 482 2224 culices
502 2159 572 2243 pali
593 2159 760 2224 rudnndos.

94 2242 287 2327 Spartianus
301 2244 336 2308 in
351 2244 418 2310 vila
431 2243 589 2309 Hadriani
611 2264 637 2308 c.
655 2245 710 2308 16:
732 2242 830 2308 Floro
852 2248 966 2329 poenae
988 2246 1063 2309 scri-

94 2329 188 2392 benti
216 2327 256 2391 ad
276 2349 317 2405 ¹se
345 2333 424 2416 ‘ego
451 2329 528 2394 nolo
552 2327 668 2394 Cacsar
693 2335 777 2393 esse’
801 2351 828 2394 e.
852 2351 882 2413 q.
906 2352 930 2394 s.
953 2331 1063 2395 rescri-

95 2413 173 2497 psit.
188 2451 231 2460 -
246 2411 287 2477 V.
302 2413 323 2476 2
346 2414 523 2479 ‘amblare'
547 2412 765 2499 Casanbonus,
780 2413 821 2479 cf.
837 2414 867 2479 d.
882 2437 908 2479 r.
923 2436 965 2479 m.
981 2415 1062 2500 3663

94 2497 296 2562 ‘ambulare’
319 2521 349 2563 v.

225 2581 256 2646 2.
286 2582 423 2649 lascivus
446 2605 554 2669 versu,
577 2590 685 2650 menae
706 2585 840 2670 pudicus
863 2606 942 2650 eras.
1105 2635 1111 2642 .

94 2667 219 2751 Appul.
243 2668 326 2751 apol.
342 2689 396 2754 pg.
411 2668 475 2732 410
497 2668 545 2733 ed.
562 2668 643 2734 Oud.
667 2670 771 2735 ‘divus
785 2669 967 2736 Hadrianus
989 2690 1062 2733 oum

93 2752 226 2818 Voconi
248 2753 343 2817 amici
364 2753 413 2818 sni
434 2757 548 2837 poetae
570 2755 730 2819 cumulum
751 2755 895 2820 versibus
916 2776 1063 2819 munera

91 2841 202 2920 resur,
232 2837 279 2900 ita
301 2839 428 2923 scripsit
449 2838 620 2902 ‘lascivus’
643 2861 670 2904 e.
694 2861 724 2922 q.
745 2861 770 2904 s.
812 2838 880 2905 Oet.
903 2840 944 2905 cf.
967 2839 1062 2904 Mart.

92 2921 119 3006 I,
143 2921 174 3005 4,
198 2922 227 2986 8·
300 3008 330 3072 3.
364 3009 506 3072 animula
526 3008 644 3094 vagula
664 3007 831 3093 blandula,

364 3094 480 3178 hospes
503 3114 672 3191 comesque
695 3093 853 3178 corporis,

364 3199 446 3262 quae
466 3199 554 3244 nunc
575 3179 679 3243 abrbis
700 3178 735 3242 in
756 3179 842 3262 loca,

363 3263 532 3348 pallidula,
555 3262 673 3348 rigida,
695 3262 831 3328 nudula!

363 3367 424 3412 nec
446 3351 484 3412 ut
504 3347 587 3412 soles
609 3347 699 3412 dabis
720 3348 817 3412 iocos.

92 3429 202 3514 Spero.
218 3431 260 3495 ib.
278 3452 303 3496 c.
319 3432 376 3497 25:
399 3436 432 3497 et
445 3433 586 3497 moriens
601 3433 730 3516 quidem
743 3431 810 3496 'hos
825 3453 935 3496 versus
949 3430 1062 3496 fecisse

92 3515 214 3580 dicitur
241 3516 417 3581 ‘animula'
451 3539 477 3582 e.
499 3540 530 3601 q.
552 3540 577 3583 s.
604 3517 685 3582 tales
717 3520 840 3603 autem,
871 3538 932 3581 nec
958 3510 1061 3581 m‘ulto
